@inproceedings{Zakharov:2018:ISPRAS,
 author    = {Novikov, E. and
              Zakharov, I.},
 title     = {Compositional Environment Modelling for Verification of GNU C Programs},
 booktitle = {Proceedings of the 2018 Ivannikov ISP RAS Open Conference},
% series    = {ISPRAS'18},
 year      = {2018},
 publisher = {IEEE Computer Society},
 langid={english},
 pages="39--46",
 keywords = {mypaper}
}

@inproceedings{Novikov:2018:ISOLA,
 author    = {Novikov, E. and
              Zakharov, I.},
 title     = {Verification of Operating System Monolithic Kernels without Extensions},
 booktitle = {Proceedings of the International Symposium On Leveraging Applications of Formal Methods, Verification and Validation},
% series    = {ISOLA'18},
 year      = {2018},
 publisher = {Springer international},
 langid={english},
 keywords = {mypaper}
}

@InProceedings{subsystems:Trudy,
author={Захаров, И.С. and Новиков, Е.М},
title="Инкрементальное построение спецификаций моделей окружения и требований для подсистем монолитного ядра операционных систем",
booktitle="Труды Института системного программирования РАН",
year="2017",
volume="29",
number="6",
pages="25--48",
issn="2220-6426",
doi="10.15514/ISPRAS-2017-29(6)-2",
langid={russian},
keywords = {mypaper}
}

@InProceedings{klever:new,
author="Novikov, Evgeny
and Zakharov, Ilja",
%editor="Petrenko, Alexander K. and Voronkov, Andrei",
title="Towards Automated Static Verification of GNU C Programs",
booktitle="Perspectives of System Informatics",
year="2018",
publisher="Springer International Publishing",
address="Cham",
pages="402--416",
isbn="978-3-319-74313-4",
keywords = {mypaper},
langid={english},
}

@InProceedings{survey:new,
author="Zakharov, Ilja",
%editor="Itsykson, Vladimir and Scedrov, Andre and Zakharov, Victor",
title="A Survey of High-Performance Computing for Software Verification",
booktitle="Tools and Methods of Program Analysis",
year="2018",
publisher="Springer International Publishing",
address="Cham",
pages="196--208",
isbn="978-3-319-71734-0",
keywords = {mypaper},
langid={english},
}

@Article{Zakharov2015,
author="Zakharov, I.
and Mandrykin, M.
and Mutilin, V. 
and Novikov, E.
and Petrenko, A.
and Khoroshilov, A.",
title="Configurable toolset for static verification of operating systems kernel modules",
journal="Programming and Computer Software",
year="2015",
day="01",
volume="41",
number="1",
pages="49--64",
issn="1608-3261",
doi="10.1134/S0361768815010065",
%url="https://doi.org/10.1134/S0361768815010065",
keywords = {mypaper},
langid={english},
}

@InProceedings{configurable:Trudy,
author="Захаров, И.С. and Мандрыкин, М.У. and Мутилин, В.С. and Новиков, Е.М. and Петренко, А.К. and Хорошилов, А.В.",
title="Конфигурируемая система статической верификации модулей ядра операционных систем",
booktitle="Труды Института системного программирования РАН",
year="2014",
volume="26",
number="2",
pages="5--42",
issn="2220-6426",
doi="10.15514/ISPRAS-2014-26(2)-1",
langid={russian},
keywords = {mypaper}
}

@Article{ZakharovEnv2015,
author="Zakharov, I.
and Mutilin, V.
and Khoroshilov, A.",
title="Pattern-based environment modeling for static verification of Linux kernel modules",
journal="Programming and Computer Software",
year="2015",
day="01",
volume="41",
number="3",
pages="183--195",
issn="1608-3261",
doi="10.1134/S036176881503007X",
%url="https://doi.org/10.1134/S036176881503007X",
keywords = {mypaper},
langid={english},
}

@InProceedings{ZakharovEnvPsi,
author="Khoroshilov, Alexey
and Mutilin, Vadim
and Novikov, Evgeny
and Zakharov, Ilja",
title="Modeling Environment for Static Verification of Linux Kernel Modules",
booktitle="Perspectives of System Informatics",
year="2015",
publisher="Springer Berlin Heidelberg",
address="Berlin, Heidelberg",
pages="400--414",
isbn="978-3-662-46823-4",
keywords = {mypaper},
langid={english},
}

@InProceedings{EnvTrudy,
author="Захаров, И.С. and Мутилин, В.С. and Новиков, Е.М. and Хорошилов, А.В.",
title="Моделирование окружения драйверов устройств операционной системы Linux",
booktitle="Труды Института системного программирования РАН",
year="2013",
volume="25",
pages="85--112",
issn="2220-6426",
doi="10.15514/ISPRAS-2013-25-6",
langid={russian},
keywords = {mypaper}
}

@InProceedings{Protva,
author={Захаров, И.С},
title="Генерация модели окружения для статической верификации драйверов, состоящих из нескольких модулей ядра Linux",
booktitle="Тезисы докладов десятой конференции разработчиков
свободных программ",
year="2013",
pages="32--35",
langid={russian},
keywords = {mypaper}
}

@Article{Syrcose,
author="Zakharov, Ilja
and Khoroshilov, Alexey
and Mutilin, Vadim
and Novikov, Evgeny",
title="Generating environment model for Linux device drivers",
journal="Spring/Summer Young Researchers’ Colloquium on Software Engineering",
year="2013",
number="7",
langid={english},
keywords = {mypaper}
}

@InProceedings{Lomonosov,
author="Захаров И.С",
title="Моделирование окружения драйверов операционной системы Linux для поддержки процесса статической верификации",
booktitle="Материалы Международного молодежного научного форума «ЛОМОНОСОВ-2013», cекция «Вычислительная математика и кибернетика»",
year="2013",
langid={russian},
keywords = {mypaper}
}

@Thesis{NovikovDis, 
author = {Новиков, Е. М.}, 
title = {Развитие метода контрактных спецификаций для верификации модулей операционной системы Linux}, 
media = {text},
type = {docthesis},
major = {ф.-м. наук}, 
majorcode = {05.13.11},
location = {Москва},
date = {2013},
pagetotal = {123},
language = {russian} 
} 

@article{Bessey:2010:FBL,
 author = {Bessey, Al and Block, Ken and Chelf, Ben and Chou, Andy and Fulton, Bryan and Hallem, Seth and Henri-Gros, Charles and Kamsky, Asya and McPeak, Scott and Engler, Dawson},
 title = {A Few Billion Lines of Code Later: Using Static Analysis to Find Bugs in the Real World},
 journal = {Commun. ACM},
 issue_date = {2010},
 volume = {53},
 number = {2},
 year = {2010},
 issn = {0001-0782},
 pages = {66--75},
 numpages = {10},
 url = {http://doi.acm.org/10.1145/1646353.1646374},
 doi = {10.1145/1646353.1646374},
 acmid = {1646374},
 publisher = {ACM},
 address = {New York, NY, USA},
 langid={english},
} 

@book{Jastram:2014:RUH,
 author = {Jastram, Michael and Butler, Prof Michael},
 title = {Rodin User's Handbook: Covers Rodin V.2.8},
 year = {2014},
 isbn = {9781495438141},
 publisher = {CreateSpace Independent Publishing Platform},
 address = {USA},
 langid={english},
} 

@inproceedings{Cuoq:2012:FSA,
 author = {Cuoq, Pascal and Kirchner, Florent and Kosmatov, Nikolai and Prevosto, Virgile and Signoles, Julien and Yakobowski, Boris},
 title = {Frama-C: A Software Analysis Perspective},
 booktitle = {Proceedings of the 10th International Conference on Software Engineering and Formal Methods},
% series = {SEFM'12},
 year = {2012},
 isbn = {978-3-642-33825-0},
 location = {Thessaloniki, Greece},
 pages = {233--247},
 numpages = {15},
 url = {http://dx.doi.org/10.1007/978-3-642-33826-7_16},
 doi = {10.1007/978-3-642-33826-7_16},
 acmid = {2404250},
 publisher = {Springer-Verlag},
 address = {Berlin, Heidelberg},
 langid={english},
} 

@Inbook{Bjorner2013,
author="Bjorner, Nikolaj",
%editor="Biere, Armin and Nahir, Amir and Vos, Tanja",
title="SMT in Verification, Modeling, and Testing at Microsoft",
bookTitle="Hardware and Software: Verification and Testing: 8th International Haifa Verification Conference",
year="2013",
publisher="Springer Berlin Heidelberg",
address="Berlin, Heidelberg",
pages="3--3",
isbn="978-3-642-39611-3",
doi="10.1007/978-3-642-39611-3_3",
langid={english},
}

@article{Biere03boundedmodel,
  author    = {Armin Biere and
               Alessandro Cimatti and
               Edmund M. Clarke and
               Ofer Strichman and
               Yunshan Zhu},
  title     = {Bounded model checking},
  journal   = {Advances in Computers},
  volume    = {58},
  pages     = {117--148},
  year      = {2003},
%  url       = {http://dx.doi.org/10.1016/S0065-2458(03)58003-2},
  doi       = {10.1016/S0065-2458(03)58003-2},
  biburl    = {http://dblp.uni-trier.de/rec/bib/journals/ac/BiereCCSZ03},
  bibsource = {dblp computer science bibliography, http://dblp.org},
  langid={english},
}

@InProceedings{MC,
author="Clarke, Edmund M.
and Emerson, E. Allen",
%editor="Kozen, Dexter",
title="Design and synthesis of synchronization skeletons using branching time temporal logic",
booktitle="Logics of Programs",
year="1982",
publisher="Springer Berlin Heidelberg",
address="Berlin, Heidelberg",
pages="52--71",
isbn="978-3-540-39047-3",
langid={english},
}

@article{Clarke:2003:CAR,
 author = {Clarke, Edmund and Grumberg, Orna and Jha, Somesh and Lu, Yuan and Veith, Helmut},
 title = {Counterexample-guided Abstraction Refinement for Symbolic Model Checking},
 journal = {J. ACM},
 issue_date = {2003},
 volume = {50},
 number = {5},
 year = {2003},
 issn = {0004-5411},
 pages = {752--794},
 numpages = {43},
% url = {http://doi.acm.org/10.1145/876638.876643},
 doi = {10.1145/876638.876643},
 acmid = {876643},
 publisher = {ACM},
 langid={english},
} 

@article{Ball:2011:DSM,
 author = {Ball, Thomas and Levin, Vladimir and Rajamani, Sriram K.},
 title = {A Decade of Software Model Checking with SLAM},
 journal = {Commun. ACM},
 issue_date = {July 2011},
 volume = {54},
 number = {7},
 year = {2011},
 issn = {0001-0782},
 pages = {68--76},
 numpages = {9},
% url = {http://doi.acm.org/10.1145/1965724.1965743},
 doi = {10.1145/1965724.1965743},
 acmid = {1965743},
 publisher = {ACM},
 address = {New York, NY, USA},
 langid={english},
}

@InProceedings{CIL,
author="Necula, George C. and McPeak, Scott and Rahul, Shree P. and Weimer, Westley",
%editor="Horspool, R. Nigel",
title="CIL: Intermediate Language and Tools for Analysis and Transformation of C Programs",
booktitle="Compiler Construction",
year="2002",
publisher="Springer Berlin Heidelberg",
address="Berlin, Heidelberg",
pages="213--228",
isbn="978-3-540-45937-8",
 langid={english},
}

@article{Ivancic:2015:SSS,
 author = {Ivancic, Franjo and Balakrishnan, Gogul and Gupta, Aarti and Sankaranarayanan, Sriram and Maeda, Naoto and Imoto, Takashi and Pothengil, Rakesh and Hussain, Mustafa},
 title = {Scalable and Scope-bounded Software Verification in Varvel},
 journal = {Automated Software Engg.},
 issue_date = {December  2015},
 volume = {22},
 number = {4},
 year = {2015},
 issn = {0928-8910},
 pages = {517--559},
 numpages = {43},
% url = {http://dx.doi.org/10.1007/s10515-014-0164-0},
 doi = {10.1007/s10515-014-0164-0},
 acmid = {2830234},
 publisher = {Kluwer Academic Publishers},
 address = {Hingham, MA, USA},
 langid={english},
}

@Inbook{Floyd1993,
author="Floyd, Robert W.",
%editor="Colburn, Timothy R. and Fetzer, James H.and Rankin, Terry L.",
title="Assigning Meanings to Programs",
bookTitle="Program Verification: Fundamental Issues in Computer Science",
year="1993",
publisher="Springer Netherlands",
address="Dordrecht",
pages="65--81",
isbn="978-94-011-1793-7",
langid={english},
}

@article{Hoare:1969:ABC,
 author = {Hoare, C. A. R.},
 title = "An Axiomatic Basis for Computer Programming",
 journal = {Commun. ACM},
 issue_date = {Oct. 1969},
 volume = {12},
 number = {10},
 year = {1969},
 issn = {0001-0782},
 pages = {576--580},
 numpages = {5},
 acmid = {363259},
 publisher = {ACM},
 address = {New York, NY, USA},
 langid={english},
} 

@article{DSilva:2008:SAT,
 author = {D'Silva, V. and Kroening, D. and Weissenbacher, G.},
 title = {A Survey of Automated Techniques for Formal Software Verification},
 journal = {Trans. Comp.-Aided Des. Integ. Cir. Sys.},
 issue_date = {July 2008},
 volume = {27},
 number = {7},
 year = {2008},
 issn = {0278-0070},
 pages = {1165--1178},
 numpages = {14},
% url = {http://dx.doi.org/10.1109/TCAD.2008.923410},
 doi = {10.1109/TCAD.2008.923410},
 acmid = {2302032},
 publisher = {IEEE Press},
 address = {Piscataway, NJ, USA},
 langid={english},
} 

@article{Emanuelsson:2008:CSI,
 author = {Emanuelsson, Par and Nilsson, Ulf},
 title = {A Comparative Study of Industrial Static Analysis Tools},
 journal = {Electron. Notes Theor. Comput. Sci.},
 issue_date = {July, 2008},
 volume = {217},
 year = {2008},
 issn = {1571-0661},
 pages = {5--21},
 numpages = {17},
 url = {http://dx.doi.org/10.1016/j.entcs.2008.06.039},
 doi = {10.1016/j.entcs.2008.06.039},
 acmid = {1390956},
 publisher = {Elsevier Science Publishers B. V.},
 address = {Amsterdam, The Netherlands, The Netherlands},
 keywords = {Static analysis, dataflow analysis, defects, security vulnerabilities},
 langid={english},
}

@article{Palix:2011:FLT,
 author = {Palix, Nicolas and Thomas, Gael and Saha, Suman and Calves, Christophe and Lawall, Julia and Muller, Gilles},
 title = {Faults in Linux: Ten Years Later},
 journal = {SIGPLAN Not.},
 issue_date = {April 2012},
 volume = {47},
 number = {4},
 year = {2011},
 issn = {0362-1340},
 pages = {305--318},
 numpages = {14},
 url = {http://doi.acm.org/10.1145/2248487.1950401},
 doi = {10.1145/2248487.1950401},
 acmid = {1950401},
 publisher = {ACM},
 address = {New York, NY, USA},
 langid={english},
} 

@inproceedings{Burch:1991:SCV,
 author = {Burch, J. R. and Clarke, E. M. and McMillan, K. L. and Dill, David L.},
 title = {Sequential Circuit Verification Using Symbolic Model Checking},
 booktitle = {Proceedings of the 27th ACM/IEEE Design Automation Conference},
% series = {DAC '90},
 year = {1990},
 isbn = {0-89791-363-9},
 location = {Orlando, Florida, USA},
 pages = {46--51},
 numpages = {6},
 url = {http://doi.acm.org/10.1145/123186.123223},
 doi = {10.1145/123186.123223},
 acmid = {123223},
 publisher = {ACM},
 address = {New York, NY, USA},
 langid={english},
} 

@book{Bruks:2009,
 author = {Фредерик Брукс and Хилл Чапел},
 title = {Мифический человеко-месяц, или Как создаются программные системы},
 year = {2010},
 isbn = {5-93286-005-7},
 publisher = {Пер. с англ. Издательство Символ-Плюс.},
 langid={russian},
}

@inproceedings{Clarke2004,
author={Clarke, Edmund and Kroening, Daniel and Lerda, Flavio},
%editor={Jensen, Kurt and Podelski, Andreas},
title={A Tool for Checking ANSI-C Programs},
booktitle={Proceedings of the 10th International Conference on Tools and Algorithms for the Construction and Analysis of Systems},
year={2004},
publisher={Springer Berlin Heidelberg},
address={Berlin},
pages={168--176},
isbn={978-3-540-24730-2},
doi={10.1007/978-3-540-24730-2\_15},
%url={http://dx.doi.org/10.1007/978-3-540-24730-2\_15},
langid={english},
}

@inproceedings{Bucur:2010:SVT,
 author = {Bucur, Doina and Kwiatkowska, Marta Z.},
 title = {Software Verification for TinyOS},
 booktitle = {Proceedings of the 9th ACM/IEEE International Conference on Information Processing in Sensor Networks},
 year = {2010},
 isbn = {978-1-60558-988-6},
 location = {Stockholm, Sweden},
 pages = {400--401},
 numpages = {2},
% url = {http://doi.acm.org/10.1145/1791212.1791274},
 doi = {10.1145/1791212.1791274},
 acmid = {1791274},
 publisher = {ACM},
 address = {New York, NY, USA},
 langid={english},
}

@Article{Schlich2009,
author="Schlich, Bastian
and Kowalewski, Stefan",
title="Model checking C source code for embedded systems",
journal="S. Int J Softw Tools Technol Transfer",
year="2009",
volume="11",
number="3",
pages="187--202",
issn="1433-2787",
doi="10.1007/s10009-009-0106-5",
%url="http://dx.doi.org/10.1007/s10009-009-0106-5",
langid={english},
}

@INPROCEEDINGS{Stern97parallelizingthe,
    author = {Ulrich Stern and David L. Dill},
    title = {Parallelizing the Mur$\varphi$ verifier},
    booktitle = {Computer Aided Verification. 9th International Conference},
    year = {1997},
    pages = {256--267},
    publisher = {Springer-Verlag},
    langid={english},
}

@INPROCEEDINGS{Lerda1999,
author="Lerda, Flavio
and Sisto, Riccardo",
%editor="Dams, Dennis and Gerth, Rob and Leue, Stefan and Massink, Mieke",
title="Distributed-Memory Model Checking with SPIN",
bookTitle="Proceedings of the 5th and 6th International SPIN Workshop",
year="1999",
publisher="Springer Berlin Heidelberg",
pages="22--39",
isbn="978-3-540-48234-5",
doi="10.1007/3-540-48234-2_3",
%url="http://dx.doi.org/10.1007/3-540-48234-2\_3",
langid={english},
}

@misc{mpi-3.0,
  author={Message Passing Interface Forum},
  title={MPI: A Message-Passing Interface Standard Version 3.0},
  journal={},
  institution={},
  year={2012},
  pages={},
  volume={},
  number={},
  booktitle={},
  publisher={},
  issn={},
  isbn={},
  note={Chapter author for Collective Communication, Process Topologies, and One Sided Communications},
  langid={english},
}

@INPROCEEDINGS{VW86b,
  AUTHOR = {M. Y. Vardi and P. Wolper},
  TITLE = {An Automata-Theoretic Approach to Automatic Program Verification},
  BOOKTITLE = {Proceedings of the 1st Symposium on Logic in Computer Science},
  PAGES = {332--344},
  YEAR = {1986},
%  URL = {http://www.cs.rice.edu/~vardi/papers/lics86.pdf.gz},
  langid={english},
}

@article{Barnat:2010:SSM,
 author = {Barnat, J. and Brim, L. and Rockai, P.},
 title = {Scalable Shared Memory LTL Model Checking},
 journal = {Int. J. Softw. Tools Technol. Transf.},
 issue_date = {2010},
 volume = {12},
 number = {2},
 year = {2010},
 issn = {1433-2779},
 pages = {139--153},
 numpages = {15},
% url = {http://dx.doi.org/10.1007/s10009-010-0136-z},
 doi = {10.1007/s10009-010-0136-z},
 acmid = {1815818},
 publisher = {Springer-Verlag},
 keywords = {Formal verification, LTL model checking, Shared memory},
 langid={english},
}

@article{HiBi.2009,
author = {Rockai, Petr and Barnat, Jiri and Lubos, Brim},
title = {DiVinE 2.0: High-Performance Model Checking},
journal = {Proceedings of the 9th International Workshop on Parallel and Distributed Methods in Verification},
volume = {00},
number = {undefined},
issn = {},
year = {2009},
pages = {31-32},
doi = {doi.ieeecomputersociety.org/10.1109/HiBi.2009.10},
publisher = {IEEE Computer Society},
langid={english},
}

@inproceedings{Barnat2009,
author="Barnat, Ji{\v{r}}{\'i}
and Brim, Lubo{\v{s}}
and Ro{\v{c}}kai, Petr",
%editor="Breitman, Karin and Cavalcanti, Ana", title="A Time-Optimal On-the-Fly Parallel Algorithm for Model Checking of Weak LTL Properties",
bookTitle="Proceedings of the 11th International Conference on Formal Engineering Methods",
year="2009",
publisher="Springer Berlin Heidelberg",
pages="407--425",
isbn="978-3-642-10373-5",
doi="10.1007/978-3-642-10373-5\_21",
%url="http://dx.doi.org/10.1007/978-3-642-10373-5\_21",
langid={english},
}

@INPROCEEDINGS{Barnat5161000,
author={K. Verstoep and H. E. Bal and J. Barnat and L. Brim},
booktitle={2009 IEEE International Symposium on Parallel Distributed Processing},
title={Efficient large-scale model checking},
year={2009},
pages={1-12},
keywords={distributed algorithms;formal specification;formal verification;grid computing;DiVinE;distributed algorithms;distributed-memory model checkers;high-bandwidth computational grid;large-scale model checking;memory requirements;multicore compute cluster;network overhead;Algorithm design and analysis;Clustering algorithms;Computer science;Distributed algorithms;Distributed computing;Explosions;Large-scale systems;Multicore processing;Performance analysis;State-space methods},
doi={10.1109/IPDPS.2009.5161000},
ISSN={1530-2075},
langid={english},
}

@INPROCEEDINGS{Lopes2011,
author="Lopes, Nuno P.
and Rybalchenko, Andrey",
%editor="Jhala, Ranjit and Schmidt, David",
title="Distributed and Predictable Software Model Checking",
bookTitle="Proceedings of the 12th International Conference on Verification, Model Checking",
year="2011",
publisher="Springer Berlin Heidelberg",
pages="340--355",
isbn="978-3-642-18275-4",
doi="10.1007/978-3-642-18275-4\_24",
%url="http://dx.doi.org/10.1007/978-3-642-18275-4\_24",
langid={english},
}

@INPROCEEDINGS{Beyer2016,
author="Beyer, Dirk",
%editor="Chechik, Marsha and Raskin, Jean-Fran{\c{c}}ois",
title="Reliable and Reproducible Competition Results with BenchExec and Witnesses (Report on SV-COMP 2016)",
bookTitle="Proceedings of the 22nd International Conference on Tools and Algorithms for the Construction and Analysis of Systems",
year="2016",
publisher="Springer Berlin Heidelberg",
pages="887--904",
isbn="978-3-662-49674-9",
doi="10.1007/978-3-662-49674-9_55",
%url="http://dx.doi.org/10.1007/978-3-662-49674-9\_55",
langid={english},
}

@inproceedings{SVCOMP2014,
author="Beyer, Dirk",
%editor="{\'A}brah{\'a}m, Erika and Havelund, Klaus",
title="Status Report on Software Verification",
bookTitle="Proceedings of the 20th International Conference Tools and Algorithms for the Construction and Analysis of Systems",
year="2014",
publisher="Springer Berlin Heidelberg",
pages="373--388",
isbn="978-3-642-54862-8",
doi="10.1007/978-3-642-54862-8_25",
%url="http://dx.doi.org/10.1007/978-3-642-54862-8\_25",
langid={english},
}

@inproceedings{Beyer:2014:SVG,
 author = {Beyer, Dirk and Dresler, Georg and Wendler, Philipp},
 title = {Software Verification in the Google App-Engine Cloud},
 booktitle = {Proceedings of the 16th International Conference on Computer Aided Verification - Volume 8559},
 year = {2014},
 isbn = {978-3-319-08866-2},
 pages = {327--333},
 numpages = {7},
 %url = {http://dx.doi.org/10.1007/978-3-319-08867-9\_21},
 doi = {10.1007/978-3-319-08867-9\_21},
 acmid = {2735079},
 publisher = {Springer-Verlag New York, Inc.},
 langid={english},
}

@book{Holzmann:2003:SMC,
 author = {Holzmann, Gerard},
 title = {Spin Model Checker, the: Primer and Reference Manual},
 year = {2003},
 isbn = {0-321-22862-6},
 edition = {First},
 publisher = {Addison-Wesley Professional},
 langid={english},
} 

@ARTICLE{5661793,
author={G. J. Holzmann and R. Joshi and A. Groce},
journal={IEEE Transactions on Software Engineering},
title={Swarm Verification Techniques},
year={2011},
volume={37},
number={6},
pages={845-857},
doi={10.1109/TSE.2010.110},
ISSN={0098-5589},
langid={english},
}

@inproceedings{Holzmann:2012:PSM,
 author = {Holzmann, Gerard J.},
 title = {Parallelizing the Spin Model Checker},
 booktitle = {Proceedings of the 19th International Conference on Model Checking Software},
% series = {SPIN'12},
 year = {2012},
 isbn = {978-3-642-31758-3},
 pages = {155--171},
 numpages = {17},
 %url = {http://dx.doi.org/10.1007/978-3-642-31759-0\_12},
 doi = {10.1007/978-3-642-31759-0\_12},
 acmid = {2364082},
 publisher = {Springer-Verlag},
 keywords = {bounded search, breadth-first search, concurrency, liveness, model checking, multi-core, parallelism, safety, software verification, spin},
 langid={english},
}

@article{Brim:2006:OVD,
 author = {Brim, L. and \v{C}ern\'{a}, I. and Moravec, P. and \v{S}im\v{s}a, J.},
 title = {How to Order Vertices for Distributed LTL Model-Checking Based on Accepting Predecessors},
 journal = {Electron. Notes Theor. Comput. Sci.},
 issue_date = {February, 2006},
 volume = {135},
 number = {2},
 year = {2006},
 issn = {1571-0661},
 pages = {3--18},
 numpages = {16},
% url = {http://dx.doi.org/10.1016/j.entcs.2005.10.015},
 doi = {10.1016/j.entcs.2005.10.015},
 acmid = {1706857},
 publisher = {Elsevier Science Publishers B. V.},
 langid={english},
} 

@INPROCEEDINGS{BARNAT2003,
author={J. Barnat and L. Brim and J. Chaloupka},
booktitle={18th IEEE International Conference on Automated Software Engineering, 2003. Proceedings.},
title={Parallel breadth-first search LTL model-checking},
year={2003},
pages={106-115},
doi={10.1109/ASE.2003.1240299},
ISSN={1938-4300},
langid={english},
}

@inproceedings{Brim2001,
author="Brim, Lubo{\v{s}}
and {\v{C}}ern{\'a}, Ivana
and Kr{\v{c}}{\'a}l, Pavel
and Pel{\'a}nek, Radek",
%editor="Hariharan, Ramesh and Vinay, V. and Mukund, Madhavan", 
title="Distributed LTL Model Checking Based on Negative Cycle Detection",
bookTitle="Proceedings of the 21st International Conference Foundations of Software Technology and Theoretical Computer Science",
year="2001",
publisher="Springer Berlin Heidelberg",
pages="96--107",
isbn="978-3-540-45294-2",
doi="10.1007/3-540-45294-X\_9",
%url="http://dx.doi.org/10.1007/3-540-45294-X\_9",
langid={english},
}

@INPROCEEDINGS{Laarman2011,
author="Laarman, Alfons
and van de Pol, Jaco
and Weber, Michael",
%editor="Bobaru, Mihaela and Havelund, Klaus and Holzmann, Gerard J. and Joshi, Rajeev",
title="Multi-Core LTSmin: Marrying Modularity and Scalability",
bookTitle="Proceedings of the 3rd International Symposium NASA Formal Methods",
year="2011",
publisher="Springer Berlin Heidelberg",
pages="506--511",
isbn="978-3-642-20398-5",
doi="10.1007/978-3-642-20398-5\_40",
%url="http://dx.doi.org/10.1007/978-3-642-20398-5\_40",
langid={english},
}

@inproceedings{Laarman:2010:BMR,
 author = {Laarman, Alfons and van de Pol, Jaco and Weber, Michael},
 title = {Boosting Multi-core Reachability Performance with Shared Hash Tables},
 booktitle = {Proceedings of the 2010 Conference on Formal Methods in Computer-Aided Design},
% series = {FMCAD '10},
 year = {2010},
 pages = {247--256},
 numpages = {10},
 %url = {http://dl.acm.org/citation.cfm?id=1998496.1998541},
 acmid = {1998541},
 publisher = {FMCAD Inc},
 langid={english},
} 

@inproceedings{Laarman2011mem,
author="Laarman, Alfons
and van de Pol, Jaco
and Weber, Michael",
%editor="Groce, Alex and Musuvathi, Madanlal", title="Parallel Recursive State Compression for Free",
bookTitle="Proceedings of the 18th International SPIN Workshop",
year="2011",
publisher="Springer Berlin Heidelberg",
pages="38--56",
isbn="978-3-642-22306-8",
doi="10.1007/978-3-642-22306-8\_4",
%url="http://dx.doi.org/10.1007/978-3-642-22306-8\_4",
langid={english},
}

@inproceedings{Bosnacki2006,
author="Bo{\v{s}}na{\v{c}}ki, Dragan
and Leue, Stefan
and Lafuente, Alberto Lluch",
%editor="Valmari, Antti",
title="Partial-Order Reduction for General State Exploring Algorithms",
bookTitle="Proceedings of the 13th International SPIN Workshop",
year="2006",
publisher="Springer Berlin Heidelberg",
pages="271--287",
isbn="978-3-540-33103-2",
doi="10.1007/11691617\_16",
%url="http://dx.doi.org/10.1007/11691617\_16",
langid={english},
}

@article{Dean:2008:MSD,
 author = {Dean, Jeffrey and Ghemawat, Sanjay},
 title = {MapReduce: Simplified Data Processing on Large Clusters},
 journal = {Commun. ACM},
 issue_date = {January 2008},
 volume = {51},
 number = {1},
 year = {2008},
 issn = {0001-0782},
 pages = {107--113},
 numpages = {7},
 %url = {http://doi.acm.org/10.1145/1327452.1327492},
 doi = {10.1145/1327452.1327492},
 acmid = {1327492},
 publisher = {ACM},
 langid={english},
}

@article{Albarghouthi:2012:PTI,
 author = {Albarghouthi, Aws and Kumar, Rahul and Nori, Aditya V. and Rajamani, Sriram K.},
 title = {Parallelizing Top-down Interprocedural Analyses},
 journal = {SIGPLAN Not.},
 issue_date = {June 2012},
 volume = {47},
 number = {6},
 year = {2012},
 issn = {0362-1340},
 pages = {217--228},
 numpages = {12},
% url = {http://doi.acm.org/10.1145/2345156.2254091},
 doi = {10.1145/2345156.2254091},
 acmid = {2254091},
 publisher = {ACM},
 keywords = {abstraction refinement, interprocedural analysis, software model checking},
 langid={english},
}

@INPROCEEDINGS{Barnat2009CUDA,
author={J. Barnat and L. Brim and M. Ceska and T. Lamr},
booktitle={"Proceedings of the 15th International Conference on Parallel and Distributed Systems},
title={CUDA Accelerated LTL Model Checking},
year={2009},
pages={34-41},
doi={10.1109/ICPADS.2009.50},
ISSN={1521-9097},
langid={english},
}

@article{Barnat2012CUDA,
title = "Designing fast \{LTL\} model checking algorithms for many-core \{GPUs\} ",
journal = "Journal of Parallel and Distributed Computing ",
volume = "72",
number = "9",
pages = "1083 - 1097",
year = "2012",
note = "Accelerators for High-Performance Computing ",
issn = "0743-7315",
doi = "http://dx.doi.org/10.1016/j.jpdc.2011.10.015",
%url = "http://www.sciencedirect.com/science/article/pii/S0743731511002140",
author = "Jiří Barnat and Petr Bauch and Luboš Brim and Milan Češka",
langid={english},
}

@misc{Barnat2009DBLP,
title={DiVinE-CUDA - A Tool for GPU Accelerated LTL Model Checking},
publisher={Open Publishing Association}, 
author={Jiri Barnat and Lubos Brim and Milan Ceska},
year={2009},
langid={english},
} 

@INPROCEEDINGS{Barnat2010CUDA,
author={J. Barnat and P. Bauch and L. Brim and M. Ceska},
booktitle={Proceedings of the 16th IEEE International Conference on Parallel and Distributed Systems},
title={Employing Multiple CUDA Devices to Accelerate LTL Model Checking},
year={2010},
pages={259-266},
doi={10.1109/ICPADS.2010.82},
ISSN={1521-9097},
langid={english},
}

@INPROCEEDINGS{Bosnacki2009,
author="Bo{\v{s}}na{\v{c}}ki, Dragan
and Edelkamp, Stefan
and Sulewski, Damian",
%editor="P{\u{a}}s{\u{a}}reanu, Corina S.",
title="Efficient Probabilistic Model Checking on General Purpose Graphics Processors",
bookTitle="Proceedings of the 16th International SPIN Workshop",
year="2009",
publisher="Springer Berlin Heidelberg",
pages="32--49",
isbn="978-3-642-02652-2",
doi="10.1007/978-3-642-02652-2\_7",
%url="http://dx.doi.org/10.1007/978-3-642-02652-2\_7",
langid={english},
}

@Article{Bosnacki2011,
author="Bo{\v{s}}na{\v{c}}ki, Dragan
and Edelkamp, Stefan
and Sulewski, Damian
and Wijs, Anton",
title="Parallel probabilistic model checking on general purpose graphics processors",
journal="International Journal on Software Tools for Technology Transfer",
year="2011",
volume="13",
number="1",
pages="21--35",
issn="1433-2787",
doi="10.1007/s10009-010-0176-4",
%url="http://dx.doi.org/10.1007/s10009-010-0176-4",
langid={english},
}

@inproceedings{Wijs2012,
author="Wijs, Anton J.
and Bo{\v{s}}na{\v{c}}ki, Dragan",
%editor="Donaldson, Alastair and Parker, David",
title="Improving GPU Sparse Matrix-Vector Multiplication for Probabilistic Model Checking",
bookTitle="Proceedings of the 19th International SPIN Workshop",
year="2012",
publisher="Springer Berlin Heidelberg",
pages="98--116",
isbn="978-3-642-31759-0",
doi="10.1007/978-3-642-31759-0\_9",
%url="http://dx.doi.org/10.1007/978-3-642-31759-0\_9",
langid={english},
}

@inproceedings{Bartocci:2014:TGS:2632362.2632379,
 author = {Bartocci, Ezio and DeFrancisco, Richard and Smolka, Scott A.},
 title = {Towards a GPGPU-parallel SPIN Model Checker},
 booktitle = {Proceedings of the 2014 International SPIN Symposium on Model Checking of Software},
%series = {SPIN 2014},
 year = {2014},
 isbn = {978-1-4503-2452-6},
 pages = {87--96},
 numpages = {10},
% url = {http://doi.acm.org/10.1145/2632362.2632379},
 doi = {10.1145/2632362.2632379},
 acmid = {2632379},
 publisher = {ACM},
 langid={english},
} 

@Article{Burks:1954:ALM,
  author =       "Arthur W. Burks and Don W. Warren and Jesse B.
                 Wright",
  title =        "An Analysis of a Logical Machine Using
                 Parenthesis-Free Notation",
  journal =      "Mathematical Tables and Other Aids to Computation",
  volume =       "8",
  number =       "46",
  pages =        "53--57",
  year =         "1954",
  CODEN =        "MTTCAS",
  ISSN =         "0891-6837",
  ISSN-L =       "0891-6837",
  bibdate =      "Tue Oct 13 08:06:19 MDT 1998",
  bibsource =    "http://www.math.utah.edu/pub/tex/bib/mathcomp1950.bib;
                 JSTOR database",
  fjournal =     "Mathematical Tables and Other Aids to Computation",
%  journal-URL =  "http://www.ams.org/mcom/",
  langid={english},
}

@inproceedings{Kwiatkowska2002,
author="Kwiatkowska, Marta
and Norman, Gethin
and Parker, David",
%editor="Field, Tony and Harrison, Peter G. and Bradley, Jeremy and Harder, Uli",
title="PRISM: Probabilistic Symbolic Model Checker",
bookTitle="Proceedings of the 12th International Conference on Computer Performance Evaluation",
year="2002",
%publisher="Springer Berlin Heidelberg",
pages="200--204",
isbn="978-3-540-46029-9",
doi="10.1007/3-540-46029-2\_13",
%url="http://dx.doi.org/10.1007/3-540-46029-2\_13",
langid={english},
}

@inproceedings{Bosnacki:2010:GEP,
 author = {Bosnacki, Dragan and Edelkamp, Stefan and Sulewski, Damian and Wijs, Anton},
 title = {GPU-PRISM: An Extension of PRISM for General Purpose Graphics Processing Units},
 booktitle = {Proceedings of the 2010 9th International Workshop on Parallel and Distributed Methods in Verification},
% series = {PDMC-HIBI '10},
 year = {2010},
 isbn = {978-0-7695-4265-2},
 pages = {17--19},
 numpages = {3},
% url = {http://dx.doi.org/10.1109/PDMC-HiBi.2010.11},
 doi = {10.1109/PDMC-HiBi.2010.11},
 acmid = {1936114},
 publisher = {IEEE Computer Society},
 keywords = {probabilistic model checking, model checker PRISM, parallel algorithms, GPU},
 langid={english},
}

@inproceedings{Wijs2014,
author="Wijs, Anton
and Bo{\v{s}}na{\v{c}}ki, Dragan",
%editor="{\'A}brah{\'a}m, Erika and Havelund, Klaus",
title="GPUexplore: Many-Core On-the-Fly State Space Exploration Using GPUs",
bookTitle="Proceedings of the 20nd International Conference on Tools and Algorithms for the Construction and Analysis of Systems",
year="2014",
publisher="Springer Berlin Heidelberg",
pages="233--247",
isbn="978-3-642-54862-8",
doi="10.1007/978-3-642-54862-8\_16",
%url="http://dx.doi.org/10.1007/978-3-642-54862-8\_16",
langid={english},
}

@inproceedings{Wijs2016GPUexplore2U,
  title={GPUexplore 2.0: Unleashing GPU Explicit-State Model Checking},
  author={Anton Wijs and Thomas Neele and Dragan Bosnacki},
  booktitle={FM},
  year={2016},
  langid={english},
}

@Article{Wijs2016a,
author="Wijs, Anton
and Bo{\v{s}}na{\v{c}}ki, Dragan",
title="Many-core on-the-fly model checking of safety properties using GPUs",
journal="International Journal on Software Tools for Technology Transfer",
year="2016",
volume="18",
number="2",
pages="169--185",
issn="1433-2787",
doi="10.1007/s10009-015-0379-9",
%url="http://dx.doi.org/10.1007/s10009-015-0379-9",
langid={english},
}

@inproceedings{Wijs2016b,
author="Wijs, Anton",
%editor="Chaudhuri, S. and Farzan, A.",
title="BFS-Based Model Checking of Linear-Time Properties with an Application on GPUs",
bookTitle="Proceedings of the 28th International Conference on Computer Aided Verification",
year="2016",
publisher="Springer International Publishing",
pages="472--493",
isbn="978-3-319-41540-6",
doi="10.1007/978-3-319-41540-6\_26",
%url="http://dx.doi.org/10.1007/978-3-319-41540-6\_26",
langid={english},
}

@inproceedings{Neele2016,
author="Neele, Thomas
and Wijs, Anton
and Bo{\v{s}}na{\v{c}}ki, Dragan
and van de Pol, Jaco",
%editor="Artho, Cyrille and Legay, Axel and Peled, Doron",
title="Partial-Order Reduction for GPU Model Checking",
bookTitle="Proceedings of the 24th International Symposium on Automated Technology for Verification and Analysis",
year="2016",
publisher="Springer International Publishing",
pages="357--374",
isbn="978-3-319-46520-3",
doi="10.1007/978-3-319-46520-3\_23",
%url="http://dx.doi.org/10.1007/978-3-319-46520-3\_23",
langid={english},
}

@article{Prabhu:2011:EAF,
 author = {Prabhu, Tarun and Ramalingam, Shreyas and Might, Matthew and Hall, Mary},
 title = {EigenCFA: Accelerating Flow Analysis with GPUs},
 journal = {SIGPLAN Not.},
 issue_date = {January 2011},
 volume = {46},
 number = {1},
 year = {2011},
 issn = {0362-1340},
 pages = {511--522},
 numpages = {12},
 %url = {http://doi.acm.org/10.1145/1925844.1926445},
 doi = {10.1145/1925844.1926445},
 acmid = {1926445},
 publisher = {ACM},
 langid={english},
}

@inproceedings{Brim2004,
author="Brim, Lubo{\v{s}}
and {\v{C}}ern{\'a}, Ivana
and Moravec, Pavel
and {\v{S}}im{\v{s}}a, Ji{\v{r}}{\'i}",
%editor="Hu, Alan J. and Martin, Andrew K.", 
title="Accepting Predecessors Are Better than Back Edges in Distributed LTL Model-Checking",
bookTitle="Proceedings of the 5th International Conference Formal Methods in Computer-Aided Design",
year="2004",
publisher="Springer Berlin Heidelberg",
pages="352--366",
isbn="978-3-540-30494-4",
doi="10.1007/978-3-540-30494-4\_25",
%url="http://dx.doi.org/10.1007/978-3-540-30494-4\_25",
langid={english},
}

@inproceedings{Beyer:2011:CTC,
 author = {Beyer, Dirk and Keremoglu, M. Erkan},
 title = {CPACHECKER: A Tool for Configurable Software Verification},
 booktitle = {Proceedings of the 23rd International Conference on Computer Aided Verification},
% series = {CAV'11},
 year = {2011},
 isbn = {978-3-642-22109-5},
 pages = {184--190},
 numpages = {7},
 %url = {http://dl.acm.org/citation.cfm?id=2032305.2032321},
 acmid = {2032321},
 publisher = {Springer-Verlag},
 langid={english},
}

@INPROCEEDINGS{SLAM2,
author={T. Ball and E. Bounimova and R. Kumar and V. Levin},
booktitle={"Proceedings of the 2010 International Conference Formal Methods in Computer Aided Design},
title={SLAM2: Static driver verification with under 4\% false alarms},
year={2010},
pages={35-42},
langid={english},
}

@inproceedings{Bartocci:2014:TGS,
 author = {Bartocci, Ezio and DeFrancisco, Richard and Smolka, Scott A.},
 title = {Towards a GPGPU-parallel SPIN Model Checker},
 booktitle = {Proceedings of the 2014 International SPIN Symposium on Model Checking of Software},
% series = {SPIN 2014},
 year = {2014},
 isbn = {978-1-4503-2452-6},
 pages = {87--96},
 numpages = {10},
 %url = {http://doi.acm.org/10.1145/2632362.2632379},
 doi = {10.1145/2632362.2632379},
 acmid = {2632379},
 publisher = {ACM},
 langid={english},
}

@INPROCEEDINGS{Yogi,
author={A. V. Nori and S. K. Rajamani},
booktitle={Proceedings of the 32nd ACM/IEEE International Conference on Software Engineering},
title={An empirical study of optimizations in YOGI},
year={2010},
volume={1},
pages={355-364},
doi={10.1145/1806799.1806852},
ISSN={0270-5257},
langid={english},
}

@inproceedings{Henzinger:2003:SVB,
 author = {Henzinger, Thomas A. and Jhala, Ranjit and Majumdar, Rupak and Sutre, Gr{\'e}goire},
 title = {Software Verification with BLAST},
 booktitle = {Proceedings of the 10th International Conference on Model Checking Software},
% series = {SPIN'03},
 year = {2003},
 isbn = {3-540-40117-2},
 location = {Portland, OR, USA},
 pages = {235--239},
 numpages = {5},
 %url = {http://dl.acm.org/citation.cfm?id=1767111.1767128},
 acmid = {1767128},
 publisher = {Springer-Verlag},
 address = {Berlin, Heidelberg},
 langid={english},
} 

@Inbook{Ball2004,
author="Ball, Thomas
and Cook, Byron
and Levin, Vladimir
and Rajamani, Sriram K.",
%editor="Boiten, Eerke A. and Derrick, John and Smith, Graeme",
title="SLAM and Static Driver Verifier: Technology Transfer of Formal Methods inside Microsoft",
bookTitle="Integrated Formal Methods: 4th International Conference, IFM 2004, Cnaterbury, UK, April 4-7, 2004. Proceedings",
year="2004",
publisher="Springer Berlin Heidelberg",
address="Berlin, Heidelberg",
pages="1--20",
isbn="978-3-540-24756-2",
doi="10.1007/978-3-540-24756-2\_1",
%url="https://doi.org/10.1007/978-3-540-24756-2\_1",
langid={english},
}

@inproceedings{Cousot:1977:AIU,
 author = {Cousot, Patrick and Cousot, Radhia},
 title = {Abstract Interpretation: A Unified Lattice Model for Static Analysis of Programs by Construction or Approximation of Fixpoints},
 booktitle = {Proceedings of the 4th ACM SIGACT-SIGPLAN Symposium on Principles of Programming Languages},
% series = {POPL '77},
 year = {1977},
 location = {Los Angeles, California},
 pages = {238--252},
 numpages = {15},
 %url = {http://doi.acm.org/10.1145/512950.512973},
 doi = {10.1145/512950.512973},
 acmid = {512973},
 publisher = {ACM},
 address = {New York, NY, USA},
 langid={english},
} 

@inproceedings{Graf:1997:CAS,
 author = {Graf, Susanne and Saidi, Hassen},
 title = {Construction of Abstract State Graphs with PVS},
 booktitle = {Proceedings of the 9th International Conference on Computer Aided Verification},
% series = {CAV '97},
 year = {1997},
 isbn = {3-540-63166-6},
 pages = {72--83},
 numpages = {12},
 %url = {http://dl.acm.org/citation.cfm?id=647766.733618},
 acmid = {733618},
 publisher = {Springer-Verlag},
 address = {London, UK, UK},
 langid={english},
} 

@article{Clarke:1986:AVF,
 author = {Clarke, E. M. and Emerson, E. A. and Sistla, A. P.},
 title = {Automatic Verification of Finite-state Concurrent Systems Using Temporal Logic Specifications},
 journal = {ACM Trans. Program. Lang. Syst.},
 volume = {8},
 number = {2},
 year = {1986},
 issn = {0164-0925},
 pages = {244--263},
 numpages = {20},
 %url = {http://doi.acm.org/10.1145/5397.5399},
 doi = {10.1145/5397.5399},
 acmid = {5399},
 publisher = {ACM},
 address = {New York, NY, USA},
 langid={english},
} 

@inproceedings{Boyer:1975:SFS,
 author = {Boyer, Robert S. and Elspas, Bernard and Levitt, Karl N.},
 title = {SELECT --- a Formal System for Testing and Debugging Programs by Symbolic Execution},
 booktitle = {Proceedings of the International Conference on Reliable Software},
 year = {1975},
 location = {Los Angeles, California},
 pages = {234--245},
 numpages = {12},
 %url = {http://doi.acm.org/10.1145/800027.808445},
 doi = {10.1145/800027.808445},
 acmid = {808445},
 publisher = {ACM},
 address = {New York, NY, USA},
 keywords = {Program debugging, Program testing, Program verification, Solution of systems of inequalities, Symbolic execution, Test data generation},
 langid={english},
} 

@inproceedings{Beyer:2017:SVV,
 author    = {Beyer, Dirk},
 title     = {Software Verification with Validation of Results},
 booktitle = {Proceedings of the 23rd International Conference on Tools and Algorithms for the Construction and Analysis of Systems},
 year      = {2017},
 isbn      = {978-3-662-54579-9},
 pages     = {331--349},
 numpages  = {19},
 %url       = {https://doi.org/10.1007/978-3-662-54580-5\_20},
 doi       = {10.1007/978-3-662-54580-5\_20},
 acmid     = {3080481},
 publisher = {Springer},
 address   = {Berlin, Heidelberg},
 langid={english},
}

@inproceedings{tacas2015-hcelqr,
 author    = {Arvind Haran and 
              Montgomery Carter and 
              Michael Emmi and 
              Akash Lal and
              Shaz Qadeer and 
              Zvonimir Rakamari\'c},
 %editor    = {Christel Baier and               Cesare Tinelli},
 title     = {SMACK + Corral: A Modular Verifier (Competition Contribution)},
 booktitle = {Proceedings of the 21st International Conference on Tools and Algorithms for the Construction and Analysis of Systems},
 publisher = {Springer},
 address   = {Berlin, Heidelberg},
 year      = {2015},
 pages     = {450--453},
 langid={english},
}

@inproceedings{Lal:2014:PSD,
 author    = {Lal, Akash and 
              Qadeer, Shaz},
 title     = {Powering the {Static Driver Verifier} Using {Corral}},
 booktitle = {Proceedings of the 22nd ACM SIGSOFT International Symposium on Foundations of Software Engineering},
 year      = {2014},
 isbn      = {978-1-4503-3056-5},
 location  = {Hong Kong, China},
 pages     = {202--212},
 numpages  = {11},
 %url       = {http://doi.acm.org/10.1145/2635868.2635894},
 doi       = {10.1145/2635868.2635894},
 acmid     = {2635894},
 publisher = {ACM},
 address   = {New York, NY, USA},
 langid={english},
} 

@Article{Ivancic:2015,
author="Ivan{\v{c}}i{\'{c}}, Franjo
and Balakrishnan, Gogul
and Gupta, Aarti
and Sankaranarayanan, Sriram
and Maeda, Naoto
and Imoto, Takashi
and Pothengil, Rakesh
and Hussain, Mustafa",
title="Scalable and scope-bounded software verification in Varvel",
journal="Automated Software Engineering",
year="2015",
day="01",
volume="22",
number="4",
pages="517--559",
issn="1573-7535",
doi="10.1007/s10515-014-0164-0",
%url="https://doi.org/10.1007/s10515-014-0164-0",
langid={english},
}

@inproceedings{mbeddr,
 author    = {C{\^a}rlan, Carmen and 
              Ratiu, Daniel and 
              Sch{\"a}tz, Bernhard},
 %editor    = {Skavhaug, Amund and Guiochet, J{\'e}r{\'e}mie and Schoitsch, Erwin and Bitsch, Friedemann},
 title     = {On Using Results of Code-Level Bounded Model Checking in Assurance Cases},
 bookTitle = {Proceedings of the 2016 International Conference on Computer Safety, Reliability, and Security},
 year      = {2016},
 publisher = {Springer},
 address   = {Cham},
 pages     = {30--42},
 isbn      = {978-3-319-45480-1},
 doi       = {10.1007/978-3-319-45480-1\_3},
 %url       = {http://dx.doi.org/10.1007/978-3-319-45480-1\_3},
 langid={english},
}

@inproceedings{Ball:2010:SSD,
 author    = {Ball, Thomas and 
              Bounimova, Ella and
              Kumar, Rahul and 
              Levin, Vladimir},
 title     = {{SLAM2}: Static Driver Verification with Under 4\% False Alarms},
 booktitle = {Proceedings of the 2010 Conference on Formal Methods in Computer-Aided Design},
 year      = {2010},
 location  = {Lugano, Switzerland},
 pages     = {35--42},
 numpages  = {8},
 %url       = {http://dl.acm.org/citation.cfm?id=1998496.1998508},
 acmid     = {1998508},
 publisher = {FMCAD Inc},
 address   = {Austin, TX},
 langid={english},
} 

@inproceedings{Witkowski:2007:MCC,
 author    = {Witkowski, Thomas and
              Blanc, Nicolas and 
              Kroening, Daniel and 
              Weissenbacher, Georg},
 title     = {Model Checking Concurrent {Linux} Device Drivers},
 booktitle = {Proceedings of the 22nd International Conference on Automated Software Engineering},
 year      = {2007},
 isbn      = {978-1-59593-882-4},
 location  = {Atlanta, Georgia, USA},
 pages     = {501--504},
 numpages  = {4},
 %url       = {http://doi.acm.org/10.1145/1321631.1321719},
 doi       = {10.1145/1321631.1321719},
 acmid     = {1321719},
 publisher = {ACM},
 address   = {New York, NY, USA},
 langid={english},
} 

@inproceedings{Post:2007:ISA,
 author    = {Post, Hendrik and 
              K\"{u}chlin, Wolfgang},
 title     = {Integrated Static Analysis for {Linux} Device Driver Verification},
 booktitle = {Proceedings of the 6th International Conference on Integrated Formal Methods},
 year      = {2007},
 isbn      = {978-3-540-73209-9},
 location  = {Oxford, UK},
 pages     = {518--537},
 numpages  = {20},
 %url       = {http://dl.acm.org/citation.cfm?id=1770498.1770525},
 acmid     = {1770525},
 publisher = {Springer},
 address   = {Berlin, Heidelberg},
 langid={english},
} 

@inproceedings{Beyer2015,
 author    = {Beyer, Dirk and 
              L{\"o}we, Stefan and 
              Wendler, Philipp},
 %editor    = {Fischer, Bernd and Geldenhuys, Jaco},
 title     = {Benchmarking and Resource Measurement},
 bookTitle = {Proceedings of the 22nd International Symposium on Model Checking Software},
 year      = {2015},
 publisher = {Springer},
 address   = {Cham},
 pages     = {160--178},
 isbn      = {978-3-319-23404-5},
 doi       = {10.1007/978-3-319-23404-5_12},
 %url       = {http://dx.doi.org/10.1007/978-3-319-23404-5\_12},
 langid={english},
}

@Inbook{Barnett2006,
author="Barnett, Mike
and Chang, Bor-Yuh Evan
and DeLine, Robert
and Jacobs, Bart
and Leino, K. Rustan M.",
%editor="de Boer, Frank S. and Bonsangue, Marcello M. and Graf, Susanne and de Roever, Willem-Paul",
title="Boogie: A Modular Reusable Verifier for Object-Oriented Programs",
bookTitle="Formal Methods for Components and Objects: 4th International Symposium, FMCO 2005, Amsterdam, The Netherlands, November 1-4, 2005, Revised Lectures",
year="2006",
publisher="Springer Berlin Heidelberg",
address="Berlin, Heidelberg",
pages="364--387",
abstract="A program verifier is a complex system that uses compiler technology, program semantics, property inference, verification-condition generation, automatic decision procedures, and a user interface. This paper describes the architecture of a state-of-the-art program verifier for object-oriented programs.",
isbn="978-3-540-36750-5",
doi="10.1007/11804192\_17",
%url="https://doi.org/10.1007/11804192\_17",
langid={english},
}

@inproceedings{osek12,
 author    = {Park, Mingyu and Byun, Taejoon and Choi, Yunja},
 title     = {Property-based Code Slicing for Efficient Verification of OSEK/VDX Operating Systems},
 bookTitle = {Proceedings of First the International Workshop on Formal Techniques for Safety-Critical Systems},
 year      = {2012},
 pages     = {69--84},
 doi       = {10.4204/EPTCS.105.6},
 langid={english},
}

@InProceedings{mbeddrverifiers,
author="C{\^a}rlan, Carmen
and Ratiu, Daniel
and Sch{\"a}tz, Bernhard",
%editor="Skavhaug, Amund and Guiochet, J{\'e}r{\'e}mie and Schoitsch, Erwin and Bitsch, Friedemann",
title="On Using Results of Code-Level Bounded Model Checking in Assurance Cases",
booktitle="Computer Safety, Reliability, and Security",
year="2016",
publisher="Springer International Publishing",
address="Cham",
pages="30--42",
isbn="978-3-319-45480-1",
 langid={english},
}

@article{commit_analysis_12enscopus,
 author  = {Mutilin, V. S. and 
            Novikov, E. M. and 
            Khoroshilov, A. V.},
 title   = {Analysis of typical faults in {Linux} operating system drivers},
 journal = {Proceedings of ISP RAS},
 pages   = {349--374},
 volume  = {22},
 address = {Moscow},
 year    = {2012},
 doi     = {10.15514/ISPRAS-2012-22-19},
 issn    = {2079-8156}, 
 langid={russian}
}

@inproceedings{Beyer:2015:WVS,
 author    = {Beyer, Dirk and 
              Dangl, Matthias and 
              Dietsch, Daniel and 
              Heizmann, Matthias and 
              Stahlbauer, Andreas},
 title     = {Witness Validation and Stepwise Testification Across Software Verifiers},
 booktitle = {Proceedings of the 10th Joint Meeting on Foundations of Software Engineering},
 year      = {2015},
 isbn      = {978-1-4503-3675-8},
 location  = {Bergamo, Italy},
 pages     = {721--733},
 numpages  = {13},
 %url       = {http://doi.acm.org/10.1145/2786805.2786867},
 doi       = {10.1145/2786805.2786867},
 acmid     = {2786867},
 publisher = {ACM},
 address   = {New York, NY, USA},
 langid={english},
} 

@inproceedings{Beyer:2016:CWE,
 author    = {Beyer, Dirk and
              Dangl, Matthias and 
              Dietsch, Daniel and 
              Heizmann, Matthias},
 title     = {Correctness Witnesses: Exchanging Verification Results Between Verifiers},
 booktitle = {Proceedings of the 24th ACM SIGSOFT International Symposium on Foundations of Software Engineering},
 year      = {2016},
 isbn      = {978-1-4503-4218-6},
 location  = {Seattle, WA, USA},
 pages     = {326--337},
 numpages  = {12},
% url       = {http://doi.acm.org/10.1145/2950290.2950351},
 doi       = {10.1145/2950290.2950351},
 acmid     = {2950351},
 publisher = {ACM},
 address   = {New York, NY, USA},
 langid={english},
} 

@inproceedings{Apel:2016,
 author    = {Apel, Sven and 
              Beyer, Dirk and 
              Mordan, Vitaly and 
              Mutilin, Vadim and 
              Stahlbauer, Andreas},
 title     = {On-the-fly Decomposition of Specifications in Software Model Checking},
 booktitle = {Proceedings of the 24th ACM SIGSOFT International Symposium on Foundations of Software Engineering},
 year      = {2016},
 isbn      = {978-1-4503-4218-6},
 location  = {Seattle, WA, USA},
 pages     = {349--361},
 numpages  = {13},
 %url       = {http://doi.acm.org/10.1145/2950290.2950349},
 doi       = {10.1145/2950290.2950349},
 acmid     = {2950349},
 publisher = {ACM},
 address   = {New York, NY, USA},
 langid={english},
} 

@inproceedings{races17,
 author    = {Andrianov, P. S. and
              Mutilin, V. S. and 
              Khoroshilov, A. V.},
 title     = {Predicate abstraction based configurable method for data race detection in {Linux} kernel},
 booktitle = {Proceedings of the 4th International Conference on Tools and Methods of Program Analysis},
 year      = {2017},
 publisher = {Springer},
 langid={english},
}

@inproceedings{Vorobyov2010ComparingMC,
  title={Comparing Model Checking and Static Program Analysis : A Case Study in Error Detection Approaches},
  author={Kostyantyn Vorobyov and Padmanabhan Krishnan},
  year={2010},
  langid={english},
}

@incollection{Clarke:2008:BMC,
 author = {Clarke, Edmund M.},
 chapter = {The Birth of Model Checking},
 title = {25 Years of Model Checking},
 %editor = {Grumberg, Orna and Veith, Helmut},
 year = {2008},
 isbn = {978-3-540-69849-4},
 pages = {1--26},
 numpages = {26},
 %url = {http://dx.doi.org/10.1007/978-3-540-69850-0_1},
 doi = {10.1007/978-3-540-69850-0_1},
 acmid = {1423536},
 publisher = {Springer-Verlag},
 address = {Berlin, Heidelberg},
 langid={english},
}

@Inbook{Seshia2018,
author="Seshia, Sanjit A.
and Sharygina, Natasha
and Tripakis, Stavros",
%editor="Clarke, Edmund M. and Henzinger, Thomas A. and Veith, Helmut and Bloem, Roderick",
title="Modeling for Verification",
bookTitle="Handbook of Model Checking",
year="2018",
publisher="Springer International Publishing",
%address="Cham",
pages="75--105",
isbn="978-3-319-10575-8",
%doi="10.1007/978-3-319-10575-8_3",
%url="https://doi.org/10.1007/978-3-319-10575-8_3"
}

@book{HandbookMC,
 %editor = {Clarke, E.M. and Henzinger, Th.A. and Veith, H. and Bloem, R.},
 title = {Handbook of Model Checking},
 year = {2018},
 isbn = {978-3-319-10574-1},
 publisher = {Springer International Publishing},
 langid={english},
} 


@article{Black:2016:SATE,
 author  = {Black, P.E. and Ribeiro, A.},
 title   = {{SATE} {V} {Ockham} Sound Analysis Criteria},
 journal = {NIST Interagency/Internal Report 8113},
 year    = {2016},
 pages   = {1--31},
 doi     = {10.6028/NIST.IR.8113},
 langid={english}
}

@Article{WHreportNIST18,
 author  = {Black, Paul and Badger, E. Lee and Guttman, Barbara and Fong, Elizabeth},
 title = {Dramatically Reducing Software Vulnerabilities: Report to the White House Office of Science and Technology Policy},
 year = {2018},
 doi = {https://doi.org/10.6028/NIST.IR.8151},
 langid={english},
} 

@InProceedings{CMBCreuse,
author="Schrammel, Peter
and Kroening, Daniel
and Brain, Martin
and Martins, Ruben
and Teige, Tino
and Bienm{\"u}ller, Tom",
%editor="N{\'u}{\~{n}}ez, Manuel and G{\"u}demann, Matthias",
title="Successful Use of Incremental BMC in the Automotive Industry",
booktitle="Formal Methods for Industrial Critical Systems",
year="2015",
publisher="Springer International Publishing",
address="Cham",
pages="62--77",
isbn="978-3-319-19458-5",
langid={english},
}

@inproceedings{CPAreuse,
 author = {Beyer, Dirk and L\"{o}we, Stefan and Novikov, Evgeny and Stahlbauer, Andreas and Wendler, Philipp},
 title = {Precision Reuse for Efficient Regression Verification},
 booktitle = {Proceedings of the 2013 9th Joint Meeting on Foundations of Software Engineering},
% series = {ESEC/FSE 2013},
 year = {2013},
 isbn = {978-1-4503-2237-9},
 location = {Saint Petersburg, Russia},
 pages = {389--399},
 numpages = {11},
% url = {http://doi.acm.org/10.1145/2491411.2491429},
 doi = {10.1145/2491411.2491429},
 acmid = {2491429},
 publisher = {ACM},
 address = {New York, NY, USA},
 keywords = {Formal Verification, Regression Checking},
 langid={english},
} 

@INPROCEEDINGS{ConcurBugsRakamaric,
author={P. Deligiannis and A. F. Donaldson and Z. Rakamaric},
booktitle={2015 30th IEEE/ACM International Conference on Automated Software Engineering (ASE)},
title={Fast and Precise Symbolic Analysis of Concurrency Bugs in Device Drivers (T)},
year={2015},
volume={},
number={},
pages={166-177},
keywords={concurrency (computers);device drivers;Linux;program debugging;symbol manipulation;data races;device drivers;WHOOP;automated approach;symbolic pairwise lockset analysis;statical analysis;data races all;thread interleavings;race-freedom guarantees;partial-order reduction;CORRAL;industrial-strength bug-finder;concurrent programs;concurrent errors;debugging;Linux 4.0 kernel;concurrency bugs;Concurrent computing;Programming;Linux;Computer bugs;Kernel;Instruction sets;Context},
doi={10.1109/ASE.2015.30},
ISSN={},
langid={english},
}

@InProceedings{FlashDriver,
author="Kim, Moonzoo
and Choi, Yunja
and Kim, Yunho
and Kim, Hotae",
%editor="Havelund, Klaus and Majumdar, Rupak and Palsberg, Jens",
title="Formal Verification of a Flash Memory Device Driver -- An Experience Report ",
booktitle="Model Checking Software",
year="2008",
publisher="Springer Berlin Heidelberg",
address="Berlin, Heidelberg",
pages="144--159",
abstract="Flash memory has become virtually indispensable in most mobile devices. In order for mobile devices to operate successfully, it is essential that flash memory be controlled correctly through the device driver software. However, as is typical for embedded software, conventional testing methods often fail to detect hidden flaws in the complex device driver software. This deficiency incurs significant development and operation overhead to the manufacturers.",
isbn="978-3-540-85114-1",
langid={english},
}

@inproceedings{neville2016a,
  year = {2016},
  edition = {},
  number = {},
  journal = {},
  pages = {31-42},
  publisher = {CEUR-WS},
  school = {},
  title = {Towards automated bounded model checking of API implementations},
  volume = {1639},
  author = {Neville, D and Malton, A and Brain, M and Kroening, D},
  %editor = {},
  organizer = {},
  langid={english},
}

@INPROCEEDINGS{ModelingLargeSystems,
author={S. Kothari and P. Awadhutkar and A. Tamrawi and J. Mathews},
booktitle={2017 Winter Simulation Conference (WSC)},
title={Modeling lessons from verifying large software systems for safety and security},
year={2017},
volume={},
number={},
pages={1431-1442},
keywords={cyber-physical systems;Linux;program verification;safety-critical software;formal methods;software verification;Linux kernel;Linux verification tool;low-level representations;mission-critical Cyber-Physical Systems;security;safety;Linux;Kernel;Analytical models;Tools;Complexity theory;Security},
doi={10.1109/WSC.2017.8247886},
ISSN={1558-4305},
langid={english},
}

@INPROCEEDINGS{QTverification,
author={F. R. M. Sousa and L. C. Cordeiro and E. B. de Lima Filho},
booktitle={2015 IEEE 4th Global Conference on Consumer Electronics (GCCE)},
title={Bounded model checking of C++ programs based on the Qt framework},
year={2015},
volume={},
number={},
pages={179-180},
keywords={$C++$ language;consumer electronics;embedded systems;formal verification;software engineering;efficient SMT-based bounded model checking;automatic verification process;consumer electronics company;embedded system;software development process;Qt framework;C++ program;Model checking;Libraries;Consumer electronics;Java;Random access memory;Software;Benchmark testing;Qt framework;Bounded Model Checking},
doi={10.1109/GCCE.2015.7398699},
ISSN={},
langid={english},
}

@inproceedings{Beyer:2004:GTC,
 author = {Beyer, Dirk and Chlipala, Adam J. and Henzinger, Thomas A. and Jhala, Ranjit and Majumdar, Rupak},
 title = {Generating Tests from Counterexamples},
 booktitle = {Proceedings of the 26th International Conference on Software Engineering},
% series = {ICSE '04},
 year = {2004},
 isbn = {0-7695-2163-0},
 pages = {326--335},
 numpages = {10},
% url = {http://dl.acm.org/citation.cfm?id=998675.999437},
 acmid = {999437},
 publisher = {IEEE Computer Society},
 address = {Washington, DC, USA},
 langid={english},
} 

@inproceedings{Flanagan:2002:PAS,
 author = {Flanagan, Cormac and Qadeer, Shaz},
 title = {Predicate Abstraction for Software Verification},
 booktitle = {Proceedings of the 29th ACM SIGPLAN-SIGACT Symposium on Principles of Programming Languages},
 series = {POPL '02},
 year = {2002},
 isbn = {1-58113-450-9},
 location = {Portland, Oregon},
 pages = {191--202},
 numpages = {12},
% url = {http://doi.acm.org/10.1145/503272.503291},
% doi = {10.1145/503272.503291},
% acmid = {503291},
 publisher = {ACM},
 address = {New York, NY, USA},
} 

@inproceedings{Beyer2018TestsFW,
  title={Tests from Witnesses - Execution-Based Validation of Verification Results},
  author={Dirk Beyer and Matthias Dangl and Thomas Lemberger and Michael Tautschnig},
  booktitle={TAP},
  year={2018},
  langid={english},
}

@inproceedings{verificationcov,
 author = {Castano, Rodrigo and Braberman, Victor and Garbervetsky, Diego and Uchitel, Sebastian},
 title = {Model Checker Execution Reports},
 booktitle = {Proceedings of the 32Nd IEEE/ACM International Conference on Automated Software Engineering},
% series = {ASE 2017},
 year = {2017},
 isbn = {978-1-5386-2684-9},
 location = {Urbana-Champaign, IL, USA},
 pages = {200--205},
 numpages = {6},
 %url = {http://dl.acm.org/citation.cfm?id=3155562.3155591},
 acmid = {3155591},
 publisher = {IEEE Press},
 address = {Piscataway, NJ, USA},
 langid={english},
} 

@inproceedings{Beyer:2012:LDV,
 title     = {Linux driver verification},
 author    = {Beyer, Dirk and 
              Petrenko, Alexander K},
 booktitle = {International Symposium On Leveraging Applications of Formal Methods, Verification and Validation},
% series    = {ISoLA'12},
 pages     = {1--6},
 year      = {2012},
 numpages  = {6},
 doi       = {10.1007/978-3-642-34032-1_1},
% url       = {https://doi.org/10.1007/978-3-642-34032-1_1},
 publisher = {Springer-Verlag},
 address   = {Berlin, Heidelberg},
 langid={english},
}

@article{Post:2009:TAS,
 author  = {Post, Hendrik and 
             Sinz, Carsten and 
             Kuchlin, Wolfgang},
 title   = {Towards automatic software model checking of thousands of Linux modules - a case study with Avinux},
 journal = {Softw. Test., Verif. Reliab.},
 year    = {2009},
 volume  = {19},
 number  = {2},
 pages   = {155--172},
 langid={english},
}

@InProceedings{CBMC,
author="Kroening, Daniel
and Tautschnig, Michael",
%editor="Abraham, Erika and Havelund, Klaus",
title="CBMC -- C Bounded Model Checker",
booktitle="Tools and Algorithms for the Construction and Analysis of Systems",
year="2014",
publisher="Springer Berlin Heidelberg",
address="Berlin, Heidelberg",
pages="389--391",
isbn="978-3-642-54862-8",
langid={english},
}

@techreport{SLIC,
author = {Ball, Tom and Rajamani, Sriram},
title = {SLIC: A Specification Language for Interface Checking (of C)},
booktitle = {},
year = {2002},
publisher = {},
%url = {https://www.microsoft.com/en-us/research/publication/slic-a-specification-language-for-interface-checking-of-c/},
address = {},
pages = {12},
journal = {},
volume = {},
chapter = {},
langid={english},
}

@Article{Novikov2013,
author="Novikov, E. M.",
title="An approach to implementation of aspect-oriented programming for C",
journal="Programming and Computer Software",
year="2013",
day="01",
volume="39",
number="4",
pages="194--206",
issn="1608-3261",
doi="10.1134/S0361768813040051",
langid={english},
}

@inproceedings{Galloway:2008:MLV,
 author    = {Galloway, Andy and
              Luttgen, Gerald and
              Muhlberg, Jan Tobias and
              Siminiceanu, Radu I\.},
 title     = {Model-Checking the Linux Virtual File System},
 booktitle = {Proceedings of the 10th International Conference on Verification, Model Checking, and Abstract Interpretation},
% series    = {VMCAI'09},
 year      = {2009},
 isbn      = {978-3-540-93899-6},
 location  = {Savannah, GA},
 pages     = {74--88},
 numpages  = {15},
 doi       = {10.1007/978-3-540-93900-9_10},
 publisher = {Springer-Verlag},
 address   = {Berlin, Heidelberg},
 langid={english},
} 

@inproceedings{Musuvathi:2004:MCL,
 author    = {Musuvathi, Madanlal and
              Engler, Dawson R.},
 title     = {Model Checking Large Network Protocol Implementations},
 booktitle = {Proceedings of the 1st Conference on Symposium on Networked Systems Design and Implementation},
% series    = {NSDI'04},
 year      = {2004},
 location  = {San Francisco, California},
 pages     = {12--12},
 numpages  = {1},
% url       = {http://dl.acm.org/citation.cfm?id=1251175.1251187},
 publisher = {USENIX Association},
 address   = {Berkeley, CA, USA},
 langid={english},
}

@inproceedings{Heizmann2015,
 author    = {Heizmann, Matthias and 
              Dietsch, Daniel and 
              Leike, Jan and 
              Musa, Betim and 
              Podelski, Andreas},
 %editor    = {Baier, Christel and Tinelli, Cesare},
 title     = {Ultimate Automizer with Array Interpolation},
 booktitle = {Proceedings of the 21st International Conference on Tools and Algorithms for the Construction and Analysis of Systems},
 year      = {2015},
 publisher = {Springer},
 address   = {Berlin, Heidelberg},
 pages     = {455--457},
 isbn      = {978-3-662-46681-0},
 doi       = {10.1007/978-3-662-46681-0_43},
 langid={english},
}

@article{Yang:2006:UMC,
 author     = {Yang, Junfeng and
               Twohey, Paul and
               Engler, Dawson and
               Musuvathi, Madanlal},
 title      = {Using Model Checking to Find Serious File System Errors},
 journal    = {ACM Trans. Comput. Syst.},
 issue_date = {November 2006},
 volume     = {24},
 number     = {4},
 month      = nov,
 year       = {2006},
 issn       = {0734-2071},
 pages      = {393--423},
 numpages   = {31},
 doi        = {10.1145/1189256.1189259},
 publisher  = {ACM},
 address    = {New York, NY, USA},
 langid={english},
} 

@thesis{NovikovDisser,
 author     = {Новиков, Евгений},
 title      = {Развитие метода контрактных спецификаций для верификации модулей ядра операционной системы Linux},
 type       = {phdthesis},
 specialitycode = {05.13.11},
 science    = {физ.-мат. наук}, 
 year       = {2013},
 langid={russian},
}

@techreport{ACSL,
 author     = {Baudin, P. and Cuoq, P. and Filliˆatre, J.-C. and Marche, C and Monate, B. and 
Moy, Y. and Prevosto, V.},
 title      = {ACSL: ANSI/ISO C Specification Language},
 year       = {2010},
% url = {https://frama-c.com/download/acsl_1.4.pdf},
 langid={english},
}

@inproceedings{seL4,
 author = {Klein, Gerwin and Elphinstone, Kevin and Heiser, Gernot and Andronick, June and Cock, David and Derrin, Philip and Elkaduwe, Dhammika and Engelhardt, Kai and Kolanski, Rafal and Norrish, Michael and Sewell, Thomas and Tuch, Harvey and Winwood, Simon},
 title = {seL4: Formal Verification of an OS Kernel},
 booktitle = {Proceedings of the ACM SIGOPS 22Nd Symposium on Operating Systems Principles},
% series = {SOSP '09},
 year = {2009},
 isbn = {978-1-60558-752-3},
 location = {Big Sky, Montana, USA},
 pages = {207--220},
 numpages = {14},
% url = {http://doi.acm.org/10.1145/1629575.1629596},
 doi = {10.1145/1629575.1629596},
 acmid = {1629596},
 publisher = {ACM},
 address = {New York, NY, USA},
 keywords = {isabelle/hol, l4, microkernel, sel4},
 langid={english},
} 

@inproceedings{FSCQ,
 author = {Chen, Haogang and Ziegler, Daniel and Chajed, Tej and Chlipala, Adam and Kaashoek, M. Frans and Zeldovich, Nickolai},
 title = {Using Crash Hoare Logic for Certifying the FSCQ File System},
 booktitle = {Proceedings of the 25th Symposium on Operating Systems Principles},
% series = {SOSP '15},
 year = {2015},
 isbn = {978-1-4503-3834-9},
 location = {Monterey, California},
 pages = {18--37},
 numpages = {20},
% url = {http://doi.acm.org/10.1145/2815400.2815402},
 doi = {10.1145/2815400.2815402},
 acmid = {2815402},
 publisher = {ACM},
 address = {New York, NY, USA},
 langid={english},
} 

@Article{HOL,
author="Kumar, Ramana
and Arthan, Rob
and Myreen, Magnus O.
and Owens, Scott",
title="Self-Formalisation of Higher-Order Logic",
journal="Journal of Automated Reasoning",
year="2016",
day="01",
volume="56",
number="3",
pages="221--259",
issn="1573-0670",
doi="10.1007/s10817-015-9357-x",
%url="https://doi.org/10.1007/s10817-015-9357-x",
langid={english},
}

@article{Leroy:2009:FVR,
 author = {Leroy, Xavier},
 title = {Formal Verification of a Realistic Compiler},
 journal = {Commun. ACM},
 issue_date = {July 2009},
 volume = {52},
 number = {7},
 year = {2009},
 issn = {0001-0782},
 pages = {107--115},
 numpages = {9},
% url = {http://doi.acm.org/10.1145/1538788.1538814},
 doi = {10.1145/1538788.1538814},
 acmid = {1538814},
 publisher = {ACM},
 address = {New York, NY, USA},
 langid={english},
}

@inproceedings{Hawblitzel2015IronFleetPP,
  title={IronFleet: proving practical distributed systems correct},
  author={Chris Hawblitzel and Jon Howell and Manos Kapritsos and Jacob R. Lorch and Bryan Parno and Michael L. Roberts and Srinath T. V. Setty and Brian Zill},
  booktitle={SOSP},
  year={2015},
   langid={english},
}

@Article{Davis2015,
author="Davis, Jared
and Myreen, Magnus O.",
title="The Reflective Milawa Theorem Prover is Sound (Down to the Machine Code that Runs it)",
journal="Journal of Automated Reasoning",
year="2015",
day="01",
volume="55",
number="2",
pages="117--183",
issn="1573-0670",
doi="10.1007/s10817-015-9324-6",
%url="https://doi.org/10.1007/s10817-015-9324-6",
 langid={english},
}

@inproceedings{CakeML,
 author = {Kumar, Ramana and Myreen, Magnus O. and Norrish, Michael and Owens, Scott},
 title = {CakeML: A Verified Implementation of ML},
 booktitle = {Proceedings of the 41st ACM SIGPLAN-SIGACT Symposium on Principles of Programming Languages},
% series = {POPL '14},
 year = {2014},
 isbn = {978-1-4503-2544-8},
 location = {San Diego, California, USA},
 pages = {179--191},
 numpages = {13},
 %url = {http://doi.acm.org/10.1145/2535838.2535841},
 doi = {10.1145/2535838.2535841},
 acmid = {2535841},
 publisher = {ACM},
 address = {New York, NY, USA},
 keywords = {ML, compiler bootstrapping, compiler verification, machine code verification, read-eval-print loop, verified garbage collection., verified parsing, verified type checking},
  langid={english},
}

@InProceedings{CoCon,
author="Kanav, Sudeep
and Lammich, Peter
and Popescu, Andrei",
%editor="Biere, Armin and Bloem, Roderick", 
title="A Conference Management System with Verified Document Confidentiality",
booktitle="Computer Aided Verification",
year="2014",
publisher="Springer International Publishing",
address="Cham",
pages="167--183",
isbn="978-3-319-08867-9",
 langid={english},
}

@inproceedings{CertiKOS,
 author = {Gu, Ronghui and Shao, Zhong and Chen, Hao and Wu, Xiongnan and Kim, Jieung and Sj\"{o}berg, Vilhelm and Costanzo, David},
 title = {CertiKOS: An Extensible Architecture for Building Certified Concurrent OS Kernels},
 booktitle = {Proceedings of the 12th USENIX Conference on Operating Systems Design and Implementation},
% series = {OSDI'16},
 year = {2016},
 isbn = {978-1-931971-33-1},
 location = {Savannah, GA, USA},
 pages = {653--669},
 numpages = {17},
% url = {http://dl.acm.org/citation.cfm?id=3026877.3026928},
 acmid = {3026928},
 publisher = {USENIX Association},
 address = {Berkeley, CA, USA},
 langid={english},
} 

@inproceedings{Tulsian:2014:MAS,
 author = {Tulsian, Varun and Kanade, Aditya and Kumar, Rahul and Lal, Akash and Nori, Aditya V.},
 title = {MUX: Algorithm Selection for Software Model Checkers},
 booktitle = {Proceedings of the 11th Working Conference on Mining Software Repositories},
% series = {MSR 2014},
 year = {2014},
 isbn = {978-1-4503-2863-0},
 location = {Hyderabad, India},
 pages = {132--141},
 numpages = {10},
 %url = {http://doi.acm.org/10.1145/2597073.2597080},
 doi = {10.1145/2597073.2597080},
 acmid = {2597080},
 publisher = {ACM},
 address = {New York, NY, USA},
 keywords = {Algorithm selection, machine learning, software model checking},
 langid={english},
} 

@Article{Demyanova2017,
author="Demyanova, Yulia
and Pani, Thomas
and Veith, Helmut
and Zuleger, Florian",
title="Empirical software metrics for benchmarking of verification tools",
journal="Formal Methods in System Design",
year="2017",
day="01",
volume="50",
number="2",
pages="289--316",
issn="1572-8102",
doi="10.1007/s10703-016-0264-5",
%url="https://doi.org/10.1007/s10703-016-0264-5",
langid={english},
}

@InProceedings{StrategySelection,
author="Beyer, Dirk
and Dangl, Matthias",
%editor="Margaria, Tiziana and Steffen, Bernhard",
title="Strategy Selection for Software Verification Based on Boolean Features",
booktitle="Leveraging Applications of Formal Methods, Verification and Validation. Verification",
year="2018",
publisher="Springer International Publishing",
address="Cham",
pages="144--159",
isbn="978-3-030-03421-4",
langid={english},
}

@inproceedings{Castano:2017:MCE,
 author = {Castano, Rodrigo and Braberman, Victor and Garbervetsky, Diego and Uchitel, Sebastian},
 title = {Model Checker Execution Reports},
 booktitle = {Proceedings of the 32Nd IEEE/ACM International Conference on Automated Software Engineering},
% series = {ASE 2017},
 year = {2017},
 isbn = {978-1-5386-2684-9},
 location = {Urbana-Champaign, IL, USA},
 pages = {200--205},
 numpages = {6},
 %url = {http://dl.acm.org/citation.cfm?id=3155562.3155591},
 acmid = {3155591},
 publisher = {IEEE Press},
 address = {Piscataway, NJ, USA},
 langid={english},
} 

@InProceedings{kinduction,
author="Donaldson, Alastair F.
and Haller, Leopold
and Kroening, Daniel
and R{\"u}mmer, Philipp",
%editor="Yahav, Eran",
title="Software Verification Using k-Induction",
booktitle="Static Analysis",
year="2011",
publisher="Springer Berlin Heidelberg",
address="Berlin, Heidelberg",
pages="351--368",
isbn="978-3-642-23702-7",
langid={english},
}

@inproceedings{Clarke:1981,
 author = {Clarke, Edmund M. and Emerson, E. Allen},
 title = {Design and Synthesis of Synchronization Skeletons Using Branching-Time Temporal Logic},
 booktitle = {Logic of Programs, Workshop},
 year = {1982},
 isbn = {3-540-11212-X},
 pages = {52--71},
 numpages = {20},
 %url = {http://dl.acm.org/citation.cfm?id=648063.747438},
 acmid = {747438},
 publisher = {Springer-Verlag},
 address = {Berlin, Heidelberg},
 langid={english},
}

@Article{turing,
 author = {Turing, Alan},
 title = {On Computable Numbers, with an Application to the Entscheidungsproblem. A Correction},
 journal = {Proceedings of the London Mathematical Society},
 year = {1938},
 volume = {43},
 series = {2},
 pages = {544--546},
 %url = {http://dl.acm.org/citation.cfm?id=648063.747438},
 langid={english},
}

@article{rice,
author = {Rice, Henry Gordon},
year = {1953},
pages = {358--366},
title = {Classes of recursively enumerable sets and their decision problems},
volume = {74},
number = {2},
journal = {Transactions of the American Mathematical Society}
}

@InProceedings{LTSA,
author="Giannakopoulou, Dimitra and Puasareanu, Corina S.",
%editor="Godefroid, Patrice",
title="Learning-Based Assume-Guarantee Verification (Tool Paper)",
booktitle="Model Checking Software",
year="2005",
publisher="Springer Berlin Heidelberg",
address="Berlin, Heidelberg",
pages="282--287",
isbn="978-3-540-31899-6"
}

@inproceedings{Giannakopoulou:2004:AVS,
 author = {Giannakopoulou, Dimitra and Pasareanu, Corina S. and Cobleigh, Jamieson M.},
 title = {Assume-Guarantee Verification of Source Code with Design-Level Assumptions},
 booktitle = {Proceedings of the 26th International Conference on Software Engineering},
 series = {ICSE '04},
 year = {2004},
 isbn = {0-7695-2163-0},
 pages = {211--220},
 numpages = {10},
 %url = {http://dl.acm.org/citation.cfm?id=998675.999426},
 %acmid = {999426},
 publisher = {IEEE Computer Society},
 address = {Washington, DC, USA},
}

@inproceedings{Cobleigh:2003,
 author = {Cobleigh, Jamieson M. and Giannakopoulou, Dimitra and Pasareanu, Corina S.},
 title = {Learning Assumptions for Compositional Verification},
 booktitle = {Proceedings of the 9th International Conference on Tools and Algorithms for the Construction and Analysis of Systems},
 series = {TACAS'03},
 year = {2003},
 isbn = {3-540-00898-5},
 location = {Warsaw, Poland},
 pages = {331--346},
 numpages = {16},
% url = {http://dl.acm.org/citation.cfm?id=1765871.1765903},
 acmid = {1765903},
 publisher = {Springer-Verlag},
 address = {Berlin, Heidelberg},
} 

@article{Parizek:2007:SGE,
 author = {Parizek, Pavel and Plasil, Frantisek},
 title = {Specification and Generation of Environment for Model Checking of Software Components},
 journal = {Electron. Notes Theor. Comput. Sci.},
 issue_date = {May, 2007},
 volume = {176},
 number = {2},
 month = may,
 year = {2007},
 issn = {1571-0661},
 pages = {143--154},
 numpages = {12},
% url = {http://dx.doi.org/10.1016/j.entcs.2006.02.036},
% doi = {10.1016/j.entcs.2006.02.036},
% acmid = {1248168},
 publisher = {Elsevier Science Publishers B. V.},
 address = {Amsterdam, The Netherlands, The Netherlands},
% keywords = {Software components, automated generation of environment, behavior protocols, model checking},
}

@inproceedings{Zhai:2016:AMG,
 author = {Zhai, Juan and Huang, Jianjun and Ma, Shiqing and Zhang, Xiangyu and Tan, Lin and Zhao, Jianhua and Qin, Feng},
 title = {Automatic Model Generation from Documentation for Java API Functions},
 booktitle = {Proceedings of the 38th International Conference on Software Engineering},
 series = {ICSE '16},
 year = {2016},
 isbn = {978-1-4503-3900-1},
 location = {Austin, Texas},
 pages = {380--391},
 numpages = {12},
 %url = {http://doi.acm.org/10.1145/2884781.2884881},
% doi = {10.1145/2884781.2884881},
 acmid = {2884881},
 publisher = {ACM},
 address = {New York, NY, USA},
} 

@inproceedings{parizek2007partial,
  title={Partial Verification of Software Components: Heuristics for Environment Construction},
  author={Parizek, Pavel and Plasil, Frantisek},
  booktitle={33rd EUROMICRO Conference on Software Engineering and Advanced Applications (EUROMICRO 2007)},
  pages={75--82},
  year={2007},
  organization={IEEE}
}

@inproceedings{Giannakopoulou:2002:AGS,
 author = {Giannakopoulou, Dimitra and Psreanu, Corina S. and Barringer, Howard},
 title = {Assumption Generation for Software Component Verification},
 booktitle = {Proceedings of the 17th IEEE International Conference on Automated Software Engineering},
 series = {ASE '02},
 year = {2002},
 isbn = {0-7695-1736-6},
 pages = {3--},
 %url = {http://dl.acm.org/citation.cfm?id=786769.787035},
 acmid = {787035},
 publisher = {IEEE Computer Society},
 address = {Washington, DC, USA},
}

@inproceedings{Tkachuk:2003:AEG,
 author = {Tkachuk, Oksana and Dwyer, Matthew B. and Pasareanu, Corina S.},
 title = {Automated Environment Generation for Software Model Checking},
 booktitle = {Proceedings of the 18th IEEE International Conference on Automated Software Engineering},
 series = {ASE'03},
 year = {2003},
 isbn = {0-7695-2035-9},
 location = {Montreal, Quebec, Canada},
 pages = {116--127},
 numpages = {12},
 %url = {https://doi.org/10.1109/ASE.2003.1240300},
 %doi = {10.1109/ASE.2003.1240300},
 %acmid = {3106107},
 publisher = {IEEE Press},
 address = {Piscataway, NJ, USA},
}

@inproceedings{Renzelmann:2012:STD,
 author = {Renzelmann, Matthew J. and Kadav, Asim and Swift, Michael M.},
 title = {SymDrive: Testing Drivers Without Devices},
 booktitle = {Proceedings of the 10th USENIX Conference on Operating Systems Design and Implementation},
 series = {OSDI'12},
 year = {2012},
 isbn = {978-1-931971-96-6},
 location = {Hollywood, CA, USA},
 pages = {279--292},
 numpages = {14},
% url = {http://dl.acm.org/citation.cfm?id=2387880.2387908},
 acmid = {2387908},
 publisher = {USENIX Association},
 address = {Berkeley, CA, USA},
} 

@article{Hoare:1978:CSP,
 author = {Hoare, C. A. R.},
 title = {Communicating Sequential Processes},
 journal = {Commun. ACM},
 issue_date = {Aug. 1978},
 volume = {21},
 number = {8},
 month = aug,
 year = {1978},
 issn = {0001-0782},
 pages = {666--677},
 numpages = {12},
% url = {http://doi.acm.org/10.1145/359576.359585},
 doi = {10.1145/359576.359585},
 acmid = {359585},
 publisher = {ACM},
 address = {New York, NY, USA},
}

% https://www.iso.org/standard/68388.html
@REFERENCE{ISO26262,
  subtitle        = {ISO 26262-6:2018},
  title    = {Road vehicles -- Functional safety -- Part 6: Product development at the software level},
  year         = {2018},
  langid={english}
}
%@INCOLLECTION{ISO26262,
%  title        = {ISO 26262-6:2018},
%  booktitle    = {Road vehicles -- Functional safety -- Part 6: Product development at the software level},
%  year         = {2018},
%  langid={english}
%}

% https://www.iso.org/standard/50341.html
@REFERENCE{ISO15408,
  subtitle        = {ISO/IEC 15408-1:2009},
  title    = {Information technology -- Security techniques -- Evaluation criteria for IT security},
  year         = {2009},
  langid={english}
}

% https://standards.globalspec.com/std/1678027/cenelec-en-50128
@REFERENCE{EN50128,
  subtitle        = {CENELEC - EN 50128},
  title    = {Railway applications - Communication, signalling and processing systems - Software for railway control and protection systems},
  year         = {2011},
  langid={english}
}

% https://webstore.iec.ch/publication/22781
@REFERENCE{IEC62279,
  subtitle        = {IEC 62279:2015},
  title    = {Railway applications - Communication, signalling and processing systems - Software for railway control and protection systems},
  year         = {2015},
  langid={english}
}

% https://standards.globalspec.com/std/1461592/rtca-do-333
@REFERENCE{DO333,
  subtitle        = {RTCA DO-333},
  title    = {Formal Methods Supplement to DO-178C and DO-278A},
  year         = {2011},
  langid={english}
}

% https://standards.globalspec.com/std/1459138/RTCA%20DO-178
@REFERENCE{DO178C,
  subtitle        = {RTCA DO-178C},
  title    = {Software Considerations in Airborne Systems and Equipment Certification},
  year         = {2011},
  langid={english}
}

@online{cprover,
  title    = {Applications of CBMC},
  urldate = {22.02.2018},
  url = "https://www.cprover.org/cbmc/applications/",
  langid={english},
}

@online{brotli,
  title    = {Brotli Compressed Data Format},
  urldate = {23.02.2019},
  url = "https://tools.ietf.org/html/rfc7932",
  langid={english},
}

@online{ec2,
  title    = {Amazon Elastic Cloud EC2},
  urldate = {23.02.2019},
  url = "http://aws.amazon.com/ec2",
  langid={english},
}

@online{gae,
  title    = {Google App Engine},
  urldate = {23.02.2019},
  url = "https://cloud.google.com/appengine/docs",
  langid={english},
}

@online{VerifierCloud,
  title    = {VerifierCloud},
  urldate = {23.02.2019},
  url = "https://vcloud.sosy-lab.org/cpachecker/webclient/help/",
  langid={english},
}

@online{cuda,
  title    = {NVIDIA CUDA Computing Platform},
  urldate = {23.02.2019},
  url = "https://developer.nvidia.com/cuda-zone",
  langid={english},
}

@online{chromium,
  title    = {Chromium open-source browser},
  urldate = {23.02.2019},
  url = "https://www.chromium.org/Home",
  langid={english},
}

@online{openhub,
  title    = {The Black Duck Open Hub is a public directory of free and open source software (FOSS)},
  urldate = {23.02.2019},
  url = "https://www.openhub.net",
  langid={english},
}

@online{tacas,
  title    = {International Conference on Tools and Algorithms for the Construction and Analysis of Systems},
  urldate = {23.02.2019},
  url = "https://www.etaps.org/index.php/2017/tacas",
  langid={english},
}

@online{etaps,
  title    = {European Joint Conferences on Theory and Practice of Software},
  urldate = {23.02.2019},
  url = "https://www.etaps.org/",
  langid={english},
}

@online{cav,
  title    = {International Conference on Computer-Aided Verification},
  urldate = {23.02.2019},
  url = "http://i-cav.org/",
  langid={english},
}

@online{fmcad,
  title    = {International Conference on Formal Methods in Computer-Aided Design},
  urldate = {23.02.2019},
  url = "http://www.cs.utexas.edu/\~hunt/fmcad/",
  langid={english},
}

@online{cgroups,
  title    = {Linux Control Groups v2},
  urldate = {23.02.2019},
  url = "https://www.kernel.org/doc/Documentation/cgroup-v2.txt",
  langid={english},
}

@online{overlay,
  title    = {Overlay File System},
  urldate = {23.02.2019},
  url = "https://www.kernel.org/doc/Documentation/filesystems/overlayfs.txt",
  langid={english},
}

@online{klever,
  title    = {Klever software verification framework},
  urldate = {23.02.2019},
  url = "https://forge.ispras.ru/projects/klever",
  langid={english},
}

@online{clade,
  title    = {Clade tool},
  urldate = {23.02.2019},
  url = "https://github.com/17451k/clade",
  langid={english},
}

@online{swarm,
  title    = {Cluster management integrated with Docker Engine},
  urldate = {23.02.2019},
  url = "docker swarm",
  langid={english},
}

@online{kubernetes,
  title    = {Kubernetes (k8s) is an open-source system for automating deployment, scaling, and management of containerized applications},
  urldate = {23.02.2019},
  url = "https://kubernetes.io/",
  langid={english},
}

@online{linux,
  title    = {Linux project},
  urldate = {23.02.2019},
  url = "https://www.linuxfoundation.org/projects/linux/",
  langid={english},
}

@online{busybox,
  title    = {BusyBox: The Swiss Army Knife of Embedded Linux},
  urldate = {23.02.2019},
  url = "https://busybox.net/about.html",
  langid={english},
}

@online{ldvbugs,
  title    = {Проблемы в ядре Linux, исправленные в рамках проекта LDV},
  urldate = {23.02.2019},
  url = "http://linuxtesting.ru/results/ldv",
  langid={russian},
}

@online{gpio,
  title    = {gpiolib: add drivers/gpio directory},
  urldate = {23.02.2019},
  url = "https://lkml.org/lkml/2008/1/5/137",
  langid={english},
}

@online{linuxrepo,
  title    = {Linux kernel repository},
  urldate = {23.02.2019},
  url = "https://git.kernel.org/pub/scm/linux/kernel/git/torvalds/linux.git",
  langid={english},
}

@online{CILAstra,
  title    = {Набор инструментов для дедуктивной верификации программ на языке Си Astraver Toolset},
  urldate = {23.02.2019},
  url = "https://forge.ispras.ru/projects/astraver-toolset",
  langid={russian},
}