@inproceedings{Zakharov:2018:ISPRAS,
 author    = {Novikov, E. and
              Zakharov, I.},
 title     = {Compositional Environment Modelling for Verification of GNU C Programs},
 booktitle = {Proceedings of the 2018 Ivannikov ISP RAS Open Conference},
% series    = {ISPRAS'18},
 year      = {2018},
% publisher = {IEEE Computer Society},
 langid={english},
 pages="39--46",
 keywords = {mypaper}
}

@inproceedings{Novikov:2018:ISOLA,
 author    = {Novikov, E. and
              Zakharov, I.},
 title     = {Verification of Operating System Monolithic Kernels without Extensions},
 booktitle = {Proceedings of the International Symposium On Leveraging Applications of Formal Methods, Verification and Validation},
% series    = {ISOLA'18},
 year      = {2018},
% publisher = {Springer international},
 langid={english},
 keywords = {mypaper}
}

@InProceedings{subsystems:Trudy,
author={Захаров, И.С. and Новиков, Е.М},
title="Инкрементальное построение спецификаций моделей окружения и требований для подсистем монолитного ядра операционных систем",
booktitle="Труды Института системного программирования РАН",
year="2017",
volume="29",
number="6",
pages="25--48",
issn="2220-6426",
doi="10.15514/ISPRAS-2017-29(6)-2",
langid={russian},
keywords = {mypaper}
}

@InProceedings{klever:new,
author="Novikov, Evgeny
and Zakharov, Ilja",
%editor="Petrenko, Alexander K. and Voronkov, Andrei",
title="Towards Automated Static Verification of GNU C Programs",
booktitle="Perspectives of System Informatics",
year="2018",
%publisher="Springer International Publishing",
address="Cham",
pages="402--416",
isbn="978-3-319-74313-4",
keywords = {mypaper},
langid={english},
}

@InProceedings{survey:new,
author="Zakharov, Ilja",
%editor="Itsykson, Vladimir and Scedrov, Andre and Zakharov, Victor",
title="A Survey of High-Performance Computing for Software Verification",
booktitle="Tools and Methods of Program Analysis",
year="2018",
%publisher="Springer International Publishing",
address="Cham",
pages="196--208",
isbn="978-3-319-71734-0",
keywords = {mypaper},
langid={english},
}

@Article{Zakharov2015,
author="Zakharov, I.
and Mandrykin, M.
and Mutilin, V. 
and Novikov, E.
and Petrenko, A.
and Khoroshilov, A.",
title="Configurable toolset for static verification of operating systems kernel modules",
journal="Programming and Computer Software",
year="2015",
day="01",
volume="41",
number="1",
pages="49--64",
issn="1608-3261",
doi="10.1134/S0361768815010065",
%url="https://doi.org/10.1134/S0361768815010065",
keywords = {mypaper},
langid={english},
}

@InProceedings{configurable:Trudy,
author="Захаров, И.С. and Мандрыкин, М.У. and Мутилин, В.С. and Новиков, Е.М. and Петренко, А.К. and Хорошилов, А.В.",
title="Конфигурируемая система статической верификации модулей ядра операционных систем",
booktitle="Труды Института системного программирования РАН",
year="2014",
volume="26",
number="2",
pages="5--42",
issn="2220-6426",
doi="10.15514/ISPRAS-2014-26(2)-1",
langid={russian},
keywords = {mypaper}
}

@Article{ZakharovEnv2015,
author="Zakharov, I.
and Mutilin, V.
and Khoroshilov, A.",
title="Pattern-based environment modeling for static verification of Linux kernel modules",
journal="Programming and Computer Software",
year="2015",
day="01",
volume="41",
number="3",
pages="183--195",
issn="1608-3261",
doi="10.1134/S036176881503007X",
%url="https://doi.org/10.1134/S036176881503007X",
keywords = {mypaper},
langid={english},
}

@InProceedings{ZakharovEnvPsi,
author="Khoroshilov, Alexey
and Mutilin, Vadim
and Novikov, Evgeny
and Zakharov, Ilja",
title="Modeling Environment for Static Verification of Linux Kernel Modules",
booktitle="Perspectives of System Informatics",
year="2015",
%publisher="Springer Berlin Heidelberg",
address="Berlin, Heidelberg",
pages="400--414",
isbn="978-3-662-46823-4",
keywords = {mypaper},
langid={english},
}

@InProceedings{EnvTrudy,
author="Захаров, И.С. and Мутилин, В.С. and Новиков, Е.М. and Хорошилов, А.В.",
title="Моделирование окружения драйверов устройств операционной системы Linux",
booktitle="Труды Института системного программирования РАН",
year="2013",
volume="25",
pages="85--112",
issn="2220-6426",
doi="10.15514/ISPRAS-2013-25-6",
langid={russian},
keywords = {mypaper}
}

@InProceedings{Protva,
author={Захаров, И.С},
title="Генерация модели окружения для статической верификации драйверов, состоящих из нескольких модулей ядра Linux",
booktitle="Тезисы докладов десятой конференции разработчиков
свободных программ",
year="2013",
pages="32--35",
langid={russian},
keywords = {mypaper}
}

@Article{Syrcose,
author="Zakharov, Ilja
and Khoroshilov, Alexey
and Mutilin, Vadim
and Novikov, Evgeny",
title="Generating environment model for Linux device drivers",
journal="Spring/Summer Young Researchers’ Colloquium on Software Engineering",
year="2013",
number="7",
langid={english},
keywords = {mypaper}
}

@InProceedings{Lomonosov,
author="Захаров И.С",
title="Моделирование окружения драйверов операционной системы Linux для поддержки процесса статической верификации",
booktitle="Материалы Международного молодежного научного форума «ЛОМОНОСОВ-2013», cекция «Вычислительная математика и кибернетика»",
year="2013",
langid={russian},
keywords = {mypaper}
}